#ticker, date, time, askprice
"AEC","27-DEC-2005","06:16:53.068",0
"AGU","27-DEC-2005","06:16:53.068",0
"AOF","27-DEC-2005","06:16:53.068",0
"AWF","27-DEC-2005","06:16:54.074",0
"CNS","27-DEC-2005","06:16:55.076",0
"DG","27-DEC-2005","06:16:56.075",0
"GCT","27-DEC-2005","06:16:57.076",0
"IJD","27-DEC-2005","06:16:58.137",0
"ITU","27-DEC-2005","06:16:58.137",0
"KEP","27-DEC-2005","06:16:59.514",0
"KNX","27-DEC-2005","06:16:59.514",0
"POH","27-DEC-2005","06:17:05.135",0
"TDI","27-DEC-2005","06:17:06.136",0
"TWN","27-DEC-2005","06:17:07.133",0
"VCP","27-DEC-2005","06:17:07.133",0
"VTI","27-DEC-2005","06:17:09.135",0
"GLD","27-DEC-2005","14:06:09.854",50.7
"IYF","27-DEC-2005","14:12:38.019",103.69
"IOO","27-DEC-2005","14:13:20.873",64.02
"AU","27-DEC-2005","14:13:32.877",49
"CAJ","27-DEC-2005","14:14:17.938",60
"EWZ","27-DEC-2005","14:14:46.039",33.25
"HIT","27-DEC-2005","14:14:54.357",68.4
"IX","27-DEC-2005","14:15:42.272",133
"AUO","27-DEC-2005","14:16:06.797",14.76
"EW","27-DEC-2005","14:16:10.800",42.53
"IVV","27-DEC-2005","14:16:12.353",127.95
"MTU","27-DEC-2005","14:16:18.853",14.86
"SKM","27-DEC-2005","14:16:28.883",21
"BAB","27-DEC-2005","14:16:37.149",58.63
"KEP","27-DEC-2005","14:16:37.149",19.81
"IYE","27-DEC-2005","14:16:41.154",87.02
"V","27-DEC-2005","14:16:52.432",31.74
"SCM","27-DEC-2005","14:17:08.724",31.78
"SPP","27-DEC-2005","14:17:30.992",12.06
"KB","27-DEC-2005","14:18:14.785",77
"ANZ","27-DEC-2005","14:18:28.992",88.4
"NTT","27-DEC-2005","14:18:33.156",22.9
"PYD","27-DEC-2005","14:18:34.858",25
"EWY","27-DEC-2005","14:18:45.764",45
"YPF","27-DEC-2005","14:19:00.805",51.45
"ASR","27-DEC-2005","14:19:23.408",32.9
"BAK","27-DEC-2005","14:19:29.837",16.75
"EWT","27-DEC-2005","14:19:32.347",12.9
"PDS","27-DEC-2005","14:19:53.554",33.2
"MC","27-DEC-2005","14:19:55.168",20
"DER","27-DEC-2005","14:19:57.868",7.5
"SPY","27-DEC-2005","14:19:57.868",127.76
"IWM","27-DEC-2005","14:20:08.006",69.13
"FAL","27-DEC-2005","14:20:20.687",29.7
"WF","27-DEC-2005","14:20:22.098",60
"BUH","27-DEC-2005","14:20:23.457",15.06
"FXE","27-DEC-2005","14:20:24.767",118.87
"MDY","27-DEC-2005","14:20:24.767",137.74
"PGS","27-DEC-2005","14:20:33.658",30.9
"BAY","27-DEC-2005","14:20:40.546",43.2
"BF","27-DEC-2005","14:20:56.769",77.21
"BR","27-DEC-2005","14:21:12.603",86.5
"DB","27-DEC-2005","14:21:12.603",98.92
"RMD","27-DEC-2005","14:21:21.878",39.5
"EVG","27-DEC-2005","14:21:30.456",16.6
"TS","27-DEC-2005","14:21:30.456",117.14
"SI","27-DEC-2005","14:21:34.107",86.5
"ABN","27-DEC-2005","14:21:36.592",26.84
"GDT","27-DEC-2005","14:21:38.544",66
"EMT","27-DEC-2005","14:21:46.283",14.95
"PH","27-DEC-2005","14:21:48.485",68.79
"PDA","27-DEC-2005","14:21:50.306",64
"HAN","27-DEC-2005","14:21:50.843",55.58
"SUN","27-DEC-2005","14:21:52.721",80.03
"CNI","27-DEC-2005","14:22:00.546",81.08
"NCT","27-DEC-2005","14:22:00.546",26.25
"ALV","27-DEC-2005","14:22:02.786",45.73
"TIE","27-DEC-2005","14:22:02.786",68.09
"UBB","27-DEC-2005","14:22:04.715",65.54
"KOR","27-DEC-2005","14:22:08.705",11
"PHG","27-DEC-2005","14:22:09.706",32.04
"DIA","27-DEC-2005","14:22:10.877",109.75
"MDG","27-DEC-2005","14:22:11.879",21.83
"AGU","27-DEC-2005","14:22:13.426",22.5
"APA","27-DEC-2005","14:22:15.056",70.31
"CIB","27-DEC-2005","14:22:19.457",29
"E","27-DEC-2005","14:22:21.783",140.7
"BMY","27-DEC-2005","14:22:27.373",24
"BVN","27-DEC-2005","14:22:27.373",28.9
"ATE","27-DEC-2005","14:22:29.316",24.57
"SWN","27-DEC-2005","14:22:31.283",37.5
"EOC","27-DEC-2005","14:22:37.982",31.1
"PQ","27-DEC-2005","14:22:37.982",8.5
"HBC","27-DEC-2005","14:22:39.394",81.37
"BNG","27-DEC-2005","14:22:43.895",23.14
"FCX","27-DEC-2005","14:22:45.594",56.11
"LUX","27-DEC-2005","14:22:53.646",25.18
"GGY","27-DEC-2005","14:22:57.908",17.98
"VSL","27-DEC-2005","14:22:57.908",17.75
"LSS","27-DEC-2005","14:23:00.063",51.59
"TP","27-DEC-2005","14:23:00.063",31.75
"CEO","27-DEC-2005","14:23:04.393",68.75
"JSN","27-DEC-2005","14:23:06.540",16.99
"KUB","27-DEC-2005","14:23:06.540",43.8
"SI","27-DEC-2005","14:23:14.599",86.75
"IRE","27-DEC-2005","14:23:16.255",64.05
"LFL","27-DEC-2005","14:23:18.439",37.25
"NJ","27-DEC-2005","14:23:18.439",22.25
"DSS","27-DEC-2005","14:23:22.364",3.17
"JKH","27-DEC-2005","14:23:22.364",79.22
"UFI","27-DEC-2005","14:23:28.223",2.99
"TKP","27-DEC-2005","14:23:32.546",60.42
"CHK","27-DEC-2005","14:23:33.547",32
"IMI","27-DEC-2005","14:23:36.660",31.73
"PPP","27-DEC-2005","14:23:40.878",49.5
"TKP","27-DEC-2005","14:23:40.878",60.92
"KUB","27-DEC-2005","14:23:46.464",43.9
"FCN","27-DEC-2005","14:23:51.022",28.3
"BMY","27-DEC-2005","14:23:53.581",23.75
"SKY","27-DEC-2005","14:23:55.091",37.25
"NXY","27-DEC-2005","14:23:57.775",49
"MCA","27-DEC-2005","14:24:01.373",14.54
"ALK","27-DEC-2005","14:24:03.259",35.84
"GSK","27-DEC-2005","14:24:05.052",51.1
"PBRa","27-DEC-2005","14:24:11.619",63
"TOT","27-DEC-2005","14:24:11.619",127.84
"EN","27-DEC-2005","14:24:15.578",40.4
"UNH","27-DEC-2005","14:24:15.578",64.75
"RML","27-DEC-2005","14:24:19.180",13
"CME","27-DEC-2005","14:24:20.160",380.75
"COG","27-DEC-2005","14:24:21.414",47
"PBR","27-DEC-2005","14:24:22.414",70
"IRC","27-DEC-2005","14:24:23.800",15.06
"XTO","27-DEC-2005","14:24:23.800",45.75
"CAH","27-DEC-2005","14:24:25.717",69.24
"PBF","27-DEC-2005","14:24:25.717",12.63
"RHB","27-DEC-2005","14:24:25.717",21.46
"NIS","27-DEC-2005","14:24:26.718",24.7
"EL","27-DEC-2005","14:24:27.611",33.81
"KEI","27-DEC-2005","14:24:29.713",14.46
"SPI","27-DEC-2005","14:24:31.637",37.7
"SQM","27-DEC-2005","14:24:31.637",109.05
"RL","27-DEC-2005","14:24:32.637",57.41
"CBG","27-DEC-2005","14:24:33.839",59.39
"GCI","27-DEC-2005","14:24:36.041",61.09
"ABB","27-DEC-2005","14:24:44.302",9.81
"CHH","27-DEC-2005","14:24:44.302",42
"BAM","27-DEC-2005","14:24:48.452",50.03
"ROH","27-DEC-2005","14:24:50.206",49.6
"MSM","27-DEC-2005","14:24:52.081",40.6
"DYS","27-DEC-2005","14:24:55.099",19.4
"KBH","27-DEC-2005","14:24:55.099",75.5
"PEP","27-DEC-2005","14:24:55.099",59.21
"FTI","27-DEC-2005","14:24:59.229",43.15
"BAM","27-DEC-2005","14:25:00.621",0
"IJH","27-DEC-2005","14:25:00.621",75.84
"PTR","27-DEC-2005","14:25:02.511",83.2
"TNT","27-DEC-2005","14:25:02.511",67.25
"ATI","27-DEC-2005","14:25:09.558",35.98
"LNC","27-DEC-2005","14:25:11.940",54.49
"LUM","27-DEC-2005","14:25:11.940",7.54
"CSC","27-DEC-2005","14:25:12.941",52
"PG","27-DEC-2005","14:25:12.941",58.88
"VKA","27-DEC-2005","14:25:13.942",14.75
"SAN","27-DEC-2005","14:25:14.943",44.85
"ASX","27-DEC-2005","14:25:15.628",4.8
"MSF","27-DEC-2005","14:25:15.628",21.8
"NBR","27-DEC-2005","14:25:15.628",77.84
"NR","27-DEC-2005","14:25:15.628",7.8
"EOG","27-DEC-2005","14:25:19.337",75.98
"FPL","27-DEC-2005","14:25:19.337",41.56
"SWN","27-DEC-2005","14:25:19.337",37
"AAI","27-DEC-2005","14:25:23.328",15.87
"XRX","27-DEC-2005","14:25:23.328",14.87
"CN","27-DEC-2005","14:25:26.068",32.9
"GOM","27-DEC-2005","14:25:26.068",20.83
"TOL","27-DEC-2005","14:25:26.068",36.25
"VCP","27-DEC-2005","14:25:26.068",12.75
"WEN","27-DEC-2005","14:25:26.068",56.3
"ACH","27-DEC-2005","14:25:29.898",79
"CNL","27-DEC-2005","14:25:31.721",21.04
"GD","27-DEC-2005","14:25:31.721",114.95
"TDW","27-DEC-2005","14:25:31.721",46.01
"AGN","27-DEC-2005","14:25:34.723",110.06
"ANF","27-DEC-2005","14:25:34.723",66
"NHY","27-DEC-2005","14:25:34.723",103.27
"ABC","27-DEC-2005","14:25:35.651",81.8
"IBN","27-DEC-2005","14:25:35.919",29.25
"DNA","27-DEC-2005","14:25:37.741",94.93
"FTO","27-DEC-2005","14:25:37.741",39
"CMN","27-DEC-2005","14:25:38.380",18
"CVO","27-DEC-2005","14:25:38.380",14.03
"HCA","27-DEC-2005","14:25:38.380",51.8
"BZH","27-DEC-2005","14:25:42.099",73.51
"NSC","27-DEC-2005","14:25:42.099",45.7
"BRY","27-DEC-2005","14:25:44.239",57.71
"IJK","27-DEC-2005","14:25:44.858",77.85
"AMD","27-DEC-2005","14:25:46.559",31
"XOM","27-DEC-2005","14:25:46.559",57.09
"BBD","27-DEC-2005","14:25:48.730",30
"WLP","27-DEC-2005","14:25:48.730",78.3
"IQW","27-DEC-2005","14:25:50.377",13.72
"LCC","27-DEC-2005","14:25:52.383",38.25
"BTU","27-DEC-2005","14:25:54.637",83.41
"CTX","27-DEC-2005","14:25:54.637",71.8
"OSI","27-DEC-2005","14:25:54.637",41.78
"WAT","27-DEC-2005","14:25:54.637",38.6
"GOL","27-DEC-2005","14:25:56.791",30
"MTW","27-DEC-2005","14:26:00.873",53.14
"RAI","27-DEC-2005","14:26:00.873",97
"SJT","27-DEC-2005","14:26:00.873",43.75
"APC","27-DEC-2005","14:26:03.695",94.65
"CAL","27-DEC-2005","14:26:03.695",21.6
"VLO","27-DEC-2005","14:26:05.699",52.83
"ACS","27-DEC-2005","14:26:07.219",61
"BA","27-DEC-2005","14:26:07.219",72.5
"ECA","27-DEC-2005","14:26:07.219",45.25
"FO","27-DEC-2005","14:26:07.219",78.91
"JCC","27-DEC-2005","14:26:09.722",35.91
"VDM","27-DEC-2005","14:26:09.722",7.5
"ZNT","27-DEC-2005","14:26:09.722",47
"BHI","27-DEC-2005","14:26:12.234",62.4
"IFN","27-DEC-2005","14:26:12.234",45
"KTC","27-DEC-2005","14:26:12.234",22.55
"AMR","27-DEC-2005","14:26:13.895",23.25
"CLF","27-DEC-2005","14:26:13.895",93
"ACO","27-DEC-2005","14:26:16.127",21.5
"BXC","27-DEC-2005","14:26:16.127",11.59
"FRE","27-DEC-2005","14:26:16.127",67.92
"RIO","27-DEC-2005","14:26:16.127",41.15
"DO","27-DEC-2005","14:26:17.832",71.31
"EAC","27-DEC-2005","14:26:18.648",32.67
"MDT","27-DEC-2005","14:26:18.648",58.32
"NOV","27-DEC-2005","14:26:18.648",63.77
"STN","27-DEC-2005","14:26:18.648",67.52
"RDC","27-DEC-2005","14:26:20.005",36.79
"AT","27-DEC-2005","14:26:20.864",63.35
"FSL","27-DEC-2005","14:26:20.864",26.19
"PHM","27-DEC-2005","14:26:20.864",40.75
"UNH","27-DEC-2005","14:26:20.864",65
"BEN","27-DEC-2005","14:26:22.457",97.47
"OIH","27-DEC-2005","14:26:22.457",131.75
"PKX","27-DEC-2005","14:26:22.457",50.9
"AET","27-DEC-2005","14:26:24.798",96.52
"BBY","27-DEC-2005","14:26:24.798",45
"HRS","27-DEC-2005","14:26:24.798",44.57
"KF","27-DEC-2005","14:26:24.798",36.49
"AIG","27-DEC-2005","14:26:26.985",69.1
"FSLb","27-DEC-2005","14:26:26.985",26.29
"MMC","27-DEC-2005","14:26:26.985",33.56
"TM","27-DEC-2005","14:26:26.985",103.68
"MRO","27-DEC-2005","14:26:29.110",62.16
"PXP","27-DEC-2005","14:26:29.110",41.42
"SSD","27-DEC-2005","14:26:29.110",38.4
"DVN","27-DEC-2005","14:26:30.891",63.86
"GG","27-DEC-2005","14:26:30.891",21.4
"MON","27-DEC-2005","14:26:30.891",78.08
"RCL","27-DEC-2005","14:26:30.891",45.47
"STR","27-DEC-2005","14:26:30.891",78.8
"TSO","27-DEC-2005","14:26:31.074",62
"MGM","27-DEC-2005","14:26:32.980",36.5
"GKM","27-DEC-2005","14:26:33.893",21
"PTC","27-DEC-2005","14:26:35.138",29.3
"CQB","27-DEC-2005","14:26:35.620",21.25
"XEC","27-DEC-2005","14:26:35.620",43
"LUB","27-DEC-2005","14:26:37.236",12.7
"MRH","27-DEC-2005","14:26:37.236",19.5
"CX","27-DEC-2005","14:26:37.720",61
"TGT","27-DEC-2005","14:26:37.720",56.01
"HIX","27-DEC-2005","14:26:39.854",10.3
"KEA","27-DEC-2005","14:26:39.854",10.73
"KMI","27-DEC-2005","14:26:40.854",94.09
"AGR","27-DEC-2005","14:26:41.996",13.55
"GSH","27-DEC-2005","14:26:41.996",15.39
"BSC","27-DEC-2005","14:26:43.735",118
"KWK","27-DEC-2005","14:26:46.277",43.5
"ACV","27-DEC-2005","14:26:48.086",46
"TDK","27-DEC-2005","14:26:48.086",66.5
"VCP","27-DEC-2005","14:26:48.086",12.5
"CBI","27-DEC-2005","14:26:48.935",24.68
"NEM","27-DEC-2005","14:26:48.935",52.94
"EW","27-DEC-2005","14:26:50.580",42.53
"EXP","27-DEC-2005","14:26:50.580",122.31
"FCEb","27-DEC-2005","14:26:50.580",37.62
"PD","27-DEC-2005","14:26:50.580",149.5
"KCS","27-DEC-2005","14:26:50.879",25.3
"OSK","27-DEC-2005","14:26:52.562",44.86
"XLE","27-DEC-2005","14:26:52.562",51.25
"TBL","27-DEC-2005","14:26:53.562",32.95
"AHC","27-DEC-2005","14:26:55.421",127.5
"HCR","27-DEC-2005","14:26:55.421",40.9
"NBL","27-DEC-2005","14:26:55.421",41.7
"PDX","27-DEC-2005","14:26:55.421",91.61
"WFT","27-DEC-2005","14:26:55.421",36.5
"FNF","27-DEC-2005","14:26:57.378",36.4
"GE","27-DEC-2005","14:26:57.378",35.92
"PAY","27-DEC-2005","14:26:57.378",27.5
"BZF","27-DEC-2005","14:26:59.300",50.13
"PSS","27-DEC-2005","14:26:59.300",25.52
"TXI","27-DEC-2005","14:26:59.300",51
"COF","27-DEC-2005","14:27:01.734",88.01
"ESV","27-DEC-2005","14:27:01.734",46.1
"HP","27-DEC-2005","14:27:01.734",62.66
"NLY","27-DEC-2005","14:27:01.734",11.23
"NSR","27-DEC-2005","14:27:01.734",29.5
"SLB","27-DEC-2005","14:27:01.734",99.15
"CRI","27-DEC-2005","14:27:04.118",59.07
"HAL","27-DEC-2005","14:27:04.118",63.85
"TTM","27-DEC-2005","14:27:08.219",14.5
"VLO","27-DEC-2005","14:27:08.219",52.5
"CNX","27-DEC-2005","14:27:10.219",66.5
"FST","27-DEC-2005","14:27:10.219",46.24
"WFT","27-DEC-2005","14:27:10.219",36.6
"CBD","27-DEC-2005","14:27:12.179",32.7
"CI","27-DEC-2005","14:27:12.179",113.05
"HSY","27-DEC-2005","14:27:12.179",56
"JCI","27-DEC-2005","14:27:12.179",72.93
"FDX","27-DEC-2005","14:27:14.345",105.56
"HIF","27-DEC-2005","14:27:14.345",9.39
"STJ","27-DEC-2005","14:27:14.345",51.62
"TNH","27-DEC-2005","14:27:14.345",20.5
"NSR","27-DEC-2005","14:27:15.345",29.25
"HUM","27-DEC-2005","14:27:16.779",56.5
"NCZ","27-DEC-2005","14:27:16.779",14.39
"GMP","27-DEC-2005","14:27:18.295",27.31
"UNP","27-DEC-2005","14:27:18.704",80.35
"USG","27-DEC-2005","14:27:18.704",65.79
"EQT","27-DEC-2005","14:27:20.560",37.3
"GYI","27-DEC-2005","14:27:21.541",91.25
"NXR","27-DEC-2005","14:27:21.541",13.3
"MTH","27-DEC-2005","14:27:23.448",64.7
"LEH","27-DEC-2005","14:27:25.030",129.64
"MTD","27-DEC-2005","14:27:26.900",55.91
"BRL","27-DEC-2005","14:27:27.269",63.15
"WPI","27-DEC-2005","14:27:29.239",33.25
"BPL","27-DEC-2005","14:27:31.877",42.74
"CH","27-DEC-2005","14:27:31.877",17.65
"VPI","27-DEC-2005","14:27:33.360",54.27
"LBY","27-DEC-2005","14:27:33.704",11
"UNT","27-DEC-2005","14:27:39.814",56.18
"CME","27-DEC-2005","14:27:41.743",381
"CNF","27-DEC-2005","14:27:41.743",58.93
"HGT","27-DEC-2005","14:27:41.743",37.75
"WTM","27-DEC-2005","14:27:41.743",569
"MNT","27-DEC-2005","14:27:42.504",49
"OIS","27-DEC-2005","14:27:42.504",33.5
"KHI","27-DEC-2005","14:27:44.529",7.65
"KMP","27-DEC-2005","14:27:45.964",48.48
"PCH","27-DEC-2005","14:27:48.790",52.7
"XL","27-DEC-2005","14:27:48.790",67.98
"ASR","27-DEC-2005","14:27:50.791",33.1
"DST","27-DEC-2005","14:27:50.791",61
"GR","27-DEC-2005","14:27:52.236",41.97
"CAM","27-DEC-2005","14:27:54.978",42.36
"CNQ","27-DEC-2005","14:27:54.978",49.91
"XEC","27-DEC-2005","14:27:54.978",42.5
"FSH","27-DEC-2005","14:27:56.777",63.03
"SFY","27-DEC-2005","14:27:56.777",45
"THE","27-DEC-2005","14:27:56.777",40.5
"DEG","27-DEC-2005","14:28:00.710",66.1
"GI","27-DEC-2005","14:28:00.710",52
"LLL","27-DEC-2005","14:28:01.174",76.7
"VSH","27-DEC-2005","14:28:05.329",14.15
"GS","27-DEC-2005","14:28:07.138",129.11
"JCI","27-DEC-2005","14:28:07.138",73.93
"NVS","27-DEC-2005","14:28:07.138",52.76
"SGA","27-DEC-2005","14:28:07.138",11.05
"WTR","27-DEC-2005","14:28:07.138",27.84
"PGR","27-DEC-2005","14:28:09.674",120.27
"BAY","27-DEC-2005","14:28:11.560",42.82
"LRT","27-DEC-2005","14:28:11.560",2.9
"TDY","27-DEC-2005","14:28:11.560",30.68
"GDT","27-DEC-2005","14:28:13.966",65.5
"IFN","27-DEC-2005","14:28:13.966",44.5
"NL","27-DEC-2005","14:28:13.966",15.28
"ADP","27-DEC-2005","14:28:15.971",47
"ATU","27-DEC-2005","14:28:15.971",57.95
"SCRa","27-DEC-2005","14:28:17.742",12.49
"GEF","27-DEC-2005","14:28:20.312",67.85
"NBR","27-DEC-2005","14:28:20.312",77.7
"RHB","27-DEC-2005","14:28:20.312",21.25
"TIF","27-DEC-2005","14:28:20.312",39.16
"ERJ","27-DEC-2005","14:28:22.301",39.8
"IIF","27-DEC-2005","14:28:22.301",38
"SWN","27-DEC-2005","14:28:22.301",37.5
"PNC","27-DEC-2005","14:28:23.768",64.9
"BNI","27-DEC-2005","14:28:24.427",71.61
"RES","27-DEC-2005","14:28:28.243",27.25
"FRX","27-DEC-2005","14:28:28.926",42.2
"TKC","27-DEC-2005","14:28:30.001",15.35
"AOC","27-DEC-2005","14:28:32.713",36.7
"NKE","27-DEC-2005","14:28:34.302",88
"OXM","27-DEC-2005","14:28:35.303",55.75
"TER","27-DEC-2005","14:28:36.726",15.23
"ITT","27-DEC-2005","14:28:38.436",106.88
"LYV","27-DEC-2005","14:28:40.888",12.5
"SFF","27-DEC-2005","14:28:44.774",26.4
"THG","27-DEC-2005","14:28:46.825",40.75
"TRN","27-DEC-2005","14:28:46.825",44.62
"PAY","27-DEC-2005","14:28:47.213",27.27
"VAL","27-DEC-2005","14:28:59.200",25.25
"KYO","27-DEC-2005","14:28:59.824",72.58
"HUM","27-DEC-2005","14:29:00.815",56.17
"CY","27-DEC-2005","14:29:04.876",14.6
"ESV","27-DEC-2005","14:29:05.877",45.75
"JQC","27-DEC-2005","14:29:05.877",12.1
"ABT","27-DEC-2005","14:29:07.796",41.4
"BBH","27-DEC-2005","14:29:07.796",205.78
"CAL","27-DEC-2005","14:29:07.796",21.5
"JLG","27-DEC-2005","14:29:11.653",49
"ABX","27-DEC-2005","14:29:14.252",27.71
"KMG","27-DEC-2005","14:29:14.252",92
"OSK","27-DEC-2005","14:29:17.750",45
"XTO","27-DEC-2005","14:29:17.750",45.5
"CSX","27-DEC-2005","14:29:19.905",52.04
"FDG","27-DEC-2005","14:29:19.905",38.23
"BCM","27-DEC-2005","14:29:21.947",66.32
"IDTc","27-DEC-2005","14:29:26.253",11.85
"KSS","27-DEC-2005","14:29:27.873",49.2
"CNI","27-DEC-2005","14:29:28.474",81.08
"SNF","27-DEC-2005","14:29:32.275",12.5
"CAL","27-DEC-2005","14:29:34.850",21.3
"GLG","27-DEC-2005","14:29:36.009",27
"CHK","27-DEC-2005","14:29:38.408",31.85
"BMY","27-DEC-2005","14:29:44.389",24
"KGC","27-DEC-2005","14:29:44.389",9.2
"WSO","27-DEC-2005","14:29:44.389",61.43
"IHS","27-DEC-2005","14:29:46.109",20.5
"CME","27-DEC-2005","14:29:50.126",382
"HMC","27-DEC-2005","14:29:50.126",29.25
"PZE","27-DEC-2005","14:29:50.725",12.6
"BOT","27-DEC-2005","14:29:52.208",92.11
"AIB","27-DEC-2005","14:29:52.767",43.24
"CP","27-DEC-2005","14:29:54.340",42.06
"TMB","27-DEC-2005","14:29:54.405",39.75
"NE","27-DEC-2005","14:29:54.467",72.97
"VSL","27-DEC-2005","14:29:56.475",17.5
"GMK","27-DEC-2005","14:29:58.882",13.82
"WHQ","27-DEC-2005","14:30:00.751",34.62
"CNF","27-DEC-2005","14:30:02.501",57.93
"GLP","27-DEC-2005","14:30:02.565",19.36
"ROS","27-DEC-2005","14:30:02.571",13.76
"GLP","27-DEC-2005","14:30:02.767",0
"XKY","27-DEC-2005","14:30:02.830",26.35
"GSL","27-DEC-2005","14:30:03.106",43.77
"KOS","27-DEC-2005","14:30:03.107",25.93
"ROS","27-DEC-2005","14:30:03.182",0
"FSL","27-DEC-2005","14:30:03.313",0
"GSL","27-DEC-2005","14:30:03.313",0
"KOS","27-DEC-2005","14:30:03.313",0
"JNS","27-DEC-2005","14:30:03.315",18.86
"SPM","27-DEC-2005","14:30:03.378",3.55
"TWX","27-DEC-2005","14:30:03.378",17.7
"MCA","27-DEC-2005","14:30:03.448",14.47
"TWX","27-DEC-2005","14:30:03.448",0
"NFJ","27-DEC-2005","14:30:03.449",21.57
"FSL","27-DEC-2005","14:30:03.647",25.96
"FSLb","27-DEC-2005","14:30:03.649",26.13
"BLS","27-DEC-2005","14:30:03.720",27.57
"SLE","27-DEC-2005","14:30:03.722",0
"FSLb","27-DEC-2005","14:30:03.785",0
"JNS","27-DEC-2005","14:30:03.785",0
"MCA","27-DEC-2005","14:30:03.785",0
"SLE","27-DEC-2005","14:30:03.785",19.11
"IFS","27-DEC-2005","14:30:03.914",12.43
"IFS","27-DEC-2005","14:30:03.914",12.43
"NFJ","27-DEC-2005","14:30:04.041",0
"STU","27-DEC-2005","14:30:04.049",208.4
"BLS","27-DEC-2005","14:30:04.110",0
"IFS","27-DEC-2005","14:30:04.110",0
"CMZ","27-DEC-2005","14:30:04.113",14.9
"NFB","27-DEC-2005","14:30:04.240",27.55
"OFC","27-DEC-2005","14:30:04.243",35.89
"BK","27-DEC-2005","14:30:04.372",32.53
"NFB","27-DEC-2005","14:30:04.372",0
"NLY","27-DEC-2005","14:30:04.372",0
"OFC","27-DEC-2005","14:30:04.372",0
"RIO","27-DEC-2005","14:30:04.372",0
"STU","27-DEC-2005","14:30:04.372",0
"AXA","27-DEC-2005","14:30:04.374",0
"CMZ","27-DEC-2005","14:30:04.377",0
"XKY","27-DEC-2005","14:30:04.377",26.25
"RIO","27-DEC-2005","14:30:04.437",41.07
"RIO","27-DEC-2005","14:30:04.437",41.07
"TWX","27-DEC-2005","14:30:04.437",17.7
"FE","27-DEC-2005","14:30:04.565",50.1
"EVG","27-DEC-2005","14:30:04.571",16.42
"FBP","27-DEC-2005","14:30:04.572",12.73
"AXA","27-DEC-2005","14:30:04.634",33.19
"EOP","27-DEC-2005","14:30:04.634",30.25
"CBC","27-DEC-2005","14:30:04.639",38.11
"TWX","27-DEC-2005","14:30:04.702",17.7
"MT","27-DEC-2005","14:30:04.703",26.3
"NLY","27-DEC-2005","14:30:04.703",11.2
"OFG","27-DEC-2005","14:30:04.703",13.24
"ROS","27-DEC-2005","14:30:04.703",13.81
"EVG","27-DEC-2005","14:30:04.893",0
"OFG","27-DEC-2005","14:30:04.893",13.24
"BK","27-DEC-2005","14:30:04.894",0
"BR","27-DEC-2005","14:30:04.894",0
"CBC","27-DEC-2005","14:30:04.894",0
"EOP","27-DEC-2005","14:30:04.894",0
"FBP","27-DEC-2005","14:30:04.894",0
"MT","27-DEC-2005","14:30:04.959",0
"TWX","27-DEC-2005","14:30:04.959",0
"BK","27-DEC-2005","14:30:04.960",32.53
"OFG","27-DEC-2005","14:30:04.960",0
"ZF","27-DEC-2005","14:30:04.961",0
"ZNT","27-DEC-2005","14:30:04.961",0
"SGR","27-DEC-2005","14:30:04.963",0
"VVR","27-DEC-2005","14:30:04.963",0
"VVR","27-DEC-2005","14:30:04.963",7.72
"ZF","27-DEC-2005","14:30:04.963",5.28
"SAM","27-DEC-2005","14:30:04.965",25.56
"SGR","27-DEC-2005","14:30:04.965",31.01
"TAP","27-DEC-2005","14:30:04.965",66.35
"ZNT","27-DEC-2005","14:30:04.965",46.8
"TWX","27-DEC-2005","14:30:05.024",17.7
"KEF","27-DEC-2005","14:30:05.094",9.2
"FSL","27-DEC-2005","14:30:05.164",25.95
"SLE","27-DEC-2005","14:30:05.166",0
"MWG","27-DEC-2005","14:30:05.228",24.21
"MU","27-DEC-2005","14:30:05.231",13.71
"MZ","27-DEC-2005","14:30:05.231",1.36
"NFJ","27-DEC-2005","14:30:05.231",21.57
"NZT","27-DEC-2005","14:30:05.231",31.57
"BGG","27-DEC-2005","14:30:05.239",39.81
"AGN","27-DEC-2005","14:30:05.300",109.76
"ASA","27-DEC-2005","14:30:05.300",53.21
"AYI","27-DEC-2005","14:30:05.300",32.49
"BGG","27-DEC-2005","14:30:05.300",39.81
"KEF","27-DEC-2005","14:30:05.424",0
"BGG","27-DEC-2005","14:30:05.426",0
"COH","27-DEC-2005","14:30:05.426",0
"FSL","27-DEC-2005","14:30:05.426",0
"UAG","27-DEC-2005","14:30:05.426",0
"MU","27-DEC-2005","14:30:05.428",0
"MZ","27-DEC-2005","14:30:05.428",0
"UNH","27-DEC-2005","14:30:05.491",0
"NZT","27-DEC-2005","14:30:05.492",0
"SAM","27-DEC-2005","14:30:05.492",0
"VLI","27-DEC-2005","14:30:05.492",0
"TAP","27-DEC-2005","14:30:05.494",0
"UAG","27-DEC-2005","14:30:05.558",38.28
"UNH","27-DEC-2005","14:30:05.558",64.66
"VLI","27-DEC-2005","14:30:05.558",51.76
"HD","27-DEC-2005","14:30:05.621",41.72
"SLE","27-DEC-2005","14:30:05.621",19.08
"FSLb","27-DEC-2005","14:30:05.622",26.11
"FSLb","27-DEC-2005","14:30:05.623",26.11
"BK","27-DEC-2005","14:30:05.684",32.53
"BK","27-DEC-2005","14:30:05.684",32.53
"BLS","27-DEC-2005","14:30:05.684",27.6
"HD","27-DEC-2005","14:30:05.684",41.68
"HXL","27-DEC-2005","14:30:05.684",18.53
"ASA","27-DEC-2005","14:30:05.685",0
"AYI","27-DEC-2005","14:30:05.685",0
"CCL","27-DEC-2005","14:30:05.685",53.82
"COH","27-DEC-2005","14:30:05.685",33.46
"AGN","27-DEC-2005","14:30:05.687",0
"HD","27-DEC-2005","14:30:05.687",0
"MU","27-DEC-2005","14:30:05.749",13.71
"NFJ","27-DEC-2005","14:30:05.749",21.57
"MCA","27-DEC-2005","14:30:05.751",14.5
"MON","27-DEC-2005","14:30:05.751",77.86
"NFJ","27-DEC-2005","14:30:05.751",21.59
"NLY","27-DEC-2005","14:30:05.751",11.21
"RIO","27-DEC-2005","14:30:05.751",41.07
"RWF","27-DEC-2005","14:30:05.751",17
"MTR","27-DEC-2005","14:30:05.812",69.71
"RIO","27-DEC-2005","14:30:05.812",41.07
"MON","27-DEC-2005","14:30:05.873",0
"TSD","27-DEC-2005","14:30:05.873",0
"MTR","27-DEC-2005","14:30:05.874",0
"SMA","27-DEC-2005","14:30:05.874",0
"RWF","27-DEC-2005","14:30:05.875",0
"NVL","27-DEC-2005","14:30:05.937",21.22
"WMI","27-DEC-2005","14:30:05.937",30.81
"ANL","27-DEC-2005","14:30:05.939",23.64
"BGT","27-DEC-2005","14:30:05.939",16.95
"BGT","27-DEC-2005","14:30:05.941",0
"CCL","27-DEC-2005","14:30:05.941",0
"BK","27-DEC-2005","14:30:05.942",0
"HXL","27-DEC-2005","14:30:05.942",0
"XLK","27-DEC-2005","14:30:05.942",21.45
"GSL","27-DEC-2005","14:30:06.130",43.85
"HIH","27-DEC-2005","14:30:06.130",11.1
"IFS","27-DEC-2005","14:30:06.130",12.43
"JNS","27-DEC-2005","14:30:06.130",18.86
"KR","27-DEC-2005","14:30:06.130",19.08
"KR","27-DEC-2005","14:30:06.130",19.05
"RIO","27-DEC-2005","14:30:06.133",0
"RIO","27-DEC-2005","14:30:06.133",0
"MRK","27-DEC-2005","14:30:06.137",0
"SMA","27-DEC-2005","14:30:06.199",19.26
"TSD","27-DEC-2005","14:30:06.199",11.81
"WMI","27-DEC-2005","14:30:06.199",0
"SWY","27-DEC-2005","14:30:06.201",24.54
"NVL","27-DEC-2005","14:30:06.202",0
"SWY","27-DEC-2005","14:30:06.202",24.51
"WHR","27-DEC-2005","14:30:06.202",83.84
"ZF","27-DEC-2005","14:30:06.202",5.28
"MRK","27-DEC-2005","14:30:06.268",32.06
"MU","27-DEC-2005","14:30:06.270",13.71
"MXO","27-DEC-2005","14:30:06.270",7.06
"PXP","27-DEC-2005","14:30:06.270",41.12
"RHA","27-DEC-2005","14:30:06.270",2.15
"ACG","27-DEC-2005","14:30:06.272",0
"ANL","27-DEC-2005","14:30:06.272",0
"AOS","27-DEC-2005","14:30:06.272",0
"CCJ","27-DEC-2005","14:30:06.272",62
"HIH","27-DEC-2005","14:30:06.272",0
"KR","27-DEC-2005","14:30:06.272",0
"AOS","27-DEC-2005","14:30:06.274",35.31
"BK","27-DEC-2005","14:30:06.274",32.53
"CAJ","27-DEC-2005","14:30:06.274",60.16
"DHI","27-DEC-2005","14:30:06.274",0
"ACG","27-DEC-2005","14:30:06.276",8.27
"BAY","27-DEC-2005","14:30:06.276",42.66
"BK","27-DEC-2005","14:30:06.276",32.53
"ASA","27-DEC-2005","14:30:06.337",53.21
"BGG","27-DEC-2005","14:30:06.337",39.81
"DHI","27-DEC-2005","14:30:06.337",36.25
"HW","27-DEC-2005","14:30:06.338",36.68
"WHR","27-DEC-2005","14:30:06.400",0
"S","27-DEC-2005","14:30:06.401",0
"SWY","27-DEC-2005","14:30:06.401",0
"PXP","27-DEC-2005","14:30:06.463",0
"RHA","27-DEC-2005","14:30:06.463",0
"CAJ","27-DEC-2005","14:30:06.588",0
"BK","27-DEC-2005","14:30:06.589",0
"BN","27-DEC-2005","14:30:06.589",0
"CCJ","27-DEC-2005","14:30:06.589",0
"BAY","27-DEC-2005","14:30:06.591",0
"GLD","27-DEC-2005","14:30:06.591",0
"HW","27-DEC-2005","14:30:06.591",0
"EEF","27-DEC-2005","14:30:06.592",0
"FCX","27-DEC-2005","14:30:06.593",0
"S","27-DEC-2005","14:30:06.595",23.84
"S","27-DEC-2005","14:30:06.595",23.84
"TFR","27-DEC-2005","14:30:06.595",8.86
"TWX","27-DEC-2005","14:30:06.595",17.7
"SPM","27-DEC-2005","14:30:06.596",3.54
"SGR","27-DEC-2005","14:30:06.655",31.01
"SLG","27-DEC-2005","14:30:06.655",75.91
"SMA","27-DEC-2005","14:30:06.655",19.26
"TSM","27-DEC-2005","14:30:06.655",10.11
"EEF","27-DEC-2005","14:30:06.660",17.31
"FCX","27-DEC-2005","14:30:06.660",55.71
"FSL","27-DEC-2005","14:30:06.660",25.95
"GLD","27-DEC-2005","14:30:06.660",50.71
"FBP","27-DEC-2005","14:30:06.661",12.69
"MGA","27-DEC-2005","14:30:06.661",71.3
"NFB","27-DEC-2005","14:30:06.663",27.55
"NLY","27-DEC-2005","14:30:06.663",11.21
"BGG","27-DEC-2005","14:30:06.667",39.81
"AGN","27-DEC-2005","14:30:06.669",109.76
"BN","27-DEC-2005","14:30:06.670",51.22
"SLG","27-DEC-2005","14:30:06.670",0
"BN","27-DEC-2005","14:30:06.671",51.22
"TSM","27-DEC-2005","14:30:06.671",0
"TSN","27-DEC-2005","14:30:06.671",0
"BLS","27-DEC-2005","14:30:06.672",27.6
"BKI","27-DEC-2005","14:30:06.673",8.25
"MXO","27-DEC-2005","14:30:06.674",0
"AN","27-DEC-2005","14:30:06.795",0
"VLO","27-DEC-2005","14:30:06.797",52.23
"TFR","27-DEC-2005","14:30:06.861",0
"VLO","27-DEC-2005","14:30:06.861",0
"AN","27-DEC-2005","14:30:06.985",22.14
"ASA","27-DEC-2005","14:30:06.985",53.21
"AXA","27-DEC-2005","14:30:06.986",33.19
"AYI","27-DEC-2005","14:30:06.986",32.49
"BGT","27-DEC-2005","14:30:06.987",16.95
"HD","27-DEC-2005","14:30:07.048",41.72
"JNS","27-DEC-2005","14:30:07.048",18.86
"KEF","27-DEC-2005","14:30:07.049",9.2
"FSLb","27-DEC-2005","14:30:07.052",26.11
"GCA","27-DEC-2005","14:30:07.052",14.82
"BKI","27-DEC-2005","14:30:07.053",0
"GLP","27-DEC-2005","14:30:07.115",19.5
"BOW","27-DEC-2005","14:30:07.116",0
"GRA","27-DEC-2005","14:30:07.118",9.6
"HXL","27-DEC-2005","14:30:07.118",18.55
"TSN","27-DEC-2005","14:30:07.123",17.32
"SAM","27-DEC-2005","14:30:07.125",25.56
"SRZ","27-DEC-2005","14:30:07.125",35.06
"SRZ","27-DEC-2005","14:30:07.125",35.06
"TWX","27-DEC-2005","14:30:07.125",17.7
"TWX","27-DEC-2005","14:30:07.125",17.71
"TWX","27-DEC-2005","14:30:07.125",17.7
"MCA","27-DEC-2005","14:30:07.188",14.48
"MU","27-DEC-2005","14:30:07.188",13.71
"OFG","27-DEC-2005","14:30:07.188",13.24
"BLS","27-DEC-2005","14:30:07.190",27.56
"BOW","27-DEC-2005","14:30:07.190",31.35
"CCL","27-DEC-2005","14:30:07.190",53.82
"CIB","27-DEC-2005","14:30:07.190",29
"MTR","27-DEC-2005","14:30:07.190",69.71
"NWK","27-DEC-2005","14:30:07.190",4.4
"RWF","27-DEC-2005","14:30:07.190",17
"NWK","27-DEC-2005","14:30:07.193",0
"SRZ","27-DEC-2005","14:30:07.193",0
"UNH","27-DEC-2005","14:30:07.193",0
"TWX","27-DEC-2005","14:30:07.196",0
"CCL","27-DEC-2005","14:30:07.320",0
"GCA","27-DEC-2005","14:30:07.322",0
"CIB","27-DEC-2005","14:30:07.323",0
"CVA","27-DEC-2005","14:30:07.323",0
"DLB","27-DEC-2005","14:30:07.323",0
"UFI","27-DEC-2005","14:30:07.326",2.92
"UNH","27-DEC-2005","14:30:07.326",64.61
"VIAb","27-DEC-2005","14:30:07.326",33.35
"VLI","27-DEC-2005","14:30:07.326",51.76
"VLO","27-DEC-2005","14:30:07.326",52.23
"XKY","27-DEC-2005","14:30:07.326",26.25
"OFG","27-DEC-2005","14:30:07.387",13.24
"TFR","27-DEC-2005","14:30:07.387",0
"UAG","27-DEC-2005","14:30:07.387",38.28
"VIAb","27-DEC-2005","14:30:07.389",0
"AXA","27-DEC-2005","14:30:07.456",33.18
"CVA","27-DEC-2005","14:30:07.456",15.05
"AA","27-DEC-2005","14:30:07.458",29.42
"AGN","27-DEC-2005","14:30:07.458",109.76
"ANL","27-DEC-2005","14:30:07.458",23.64
"ASA","27-DEC-2005","14:30:07.458",53.21
"AVZ","27-DEC-2005","14:30:07.458",15.7
"AYI","27-DEC-2005","14:30:07.458",32.49
"BGG","27-DEC-2005","14:30:07.520",39.81
"IBM","27-DEC-2005","14:30:07.521",0
"GSL","27-DEC-2005","14:30:07.582",43.71
"JNS","27-DEC-2005","14:30:07.582",18.86
"DLB","27-DEC-2005","14:30:07.585",16.95
"GTI","27-DEC-2005","14:30:07.585",6.49
"GTI","27-DEC-2005","14:30:07.585",6.49
"EIX","27-DEC-2005","14:30:07.586",43.99
"EOP","27-DEC-2005","14:30:07.586",30.26
"DHI","27-DEC-2005","14:30:07.648",36.25
"JHX","27-DEC-2005","14:30:07.648",32.85
"JHX","27-DEC-2005","14:30:07.648",32.85
"TFR","27-DEC-2005","14:30:07.651",8.8
"SAM","27-DEC-2005","14:30:07.654",25.56
"STU","27-DEC-2005","14:30:07.654",208.34
"SWY","27-DEC-2005","14:30:07.654",24.51
"TWX","27-DEC-2005","14:30:07.654",17.7
"SGR","27-DEC-2005","14:30:07.656",31.01
"SMA","27-DEC-2005","14:30:07.656",19.26
"SON","27-DEC-2005","14:30:07.656",29.72
"SYY","27-DEC-2005","14:30:07.656",31.9
"TFR","27-DEC-2005","14:30:07.656",8.8
"TSM","27-DEC-2005","14:30:07.656",10.11
"SLE","27-DEC-2005","14:30:07.658",19.08
"SLR","27-DEC-2005","14:30:07.658",3.65
"SLR","27-DEC-2005","14:30:07.658",3.63
"SYY","27-DEC-2005","14:30:07.658",31.9
"UIS","27-DEC-2005","14:30:07.658",5.91
"XKY","27-DEC-2005","14:30:07.658",26.24
"MDZ","27-DEC-2005","14:30:07.660",17.3
"MXO","27-DEC-2005","14:30:07.660",7.06
"MZ","27-DEC-2005","14:30:07.660",1.4
"NVL","27-DEC-2005","14:30:07.660",21.22
"PCU","27-DEC-2005","14:30:07.660",68.31
"BLS","27-DEC-2005","14:30:07.662",27.6
"OFC","27-DEC-2005","14:30:07.662",35.89
"Q","27-DEC-2005","14:30:07.662",5.68
"Q","27-DEC-2005","14:30:07.662",5.68
"CCL","27-DEC-2005","14:30:07.723",53.82
"CMZ","27-DEC-2005","14:30:07.723",14.9
"CRDa","27-DEC-2005","14:30:07.723",5.91
"CTB","27-DEC-2005","14:30:07.723",14.89
"SON","27-DEC-2005","14:30:07.725",0
"SLR","27-DEC-2005","14:30:07.730",0
"UFI","27-DEC-2005","14:30:07.730",0
"UIS","27-DEC-2005","14:30:07.730",0
"AA","27-DEC-2005","14:30:07.793",0
"GRA","27-DEC-2005","14:30:07.794",0
"EIX","27-DEC-2005","14:30:07.796",0
"FSLb","27-DEC-2005","14:30:07.797",0
"AVZ","27-DEC-2005","14:30:07.860",0
"CRDa","27-DEC-2005","14:30:07.860",0
"CTB","27-DEC-2005","14:30:07.860",0
"GTI","27-DEC-2005","14:30:07.860",0
"VLO","27-DEC-2005","14:30:07.923",52.23
"MXO","27-DEC-2005","14:30:07.925",0
"MDZ","27-DEC-2005","14:30:07.927",0
"PCU","27-DEC-2005","14:30:07.928",0
"VLO","27-DEC-2005","14:30:07.928",0
"SHO","27-DEC-2005","14:30:07.929",0
"SYY","27-DEC-2005","14:30:07.929",0
"NFX","27-DEC-2005","14:30:07.991",0
"ABK","27-DEC-2005","14:30:07.994",78.8
"BAY","27-DEC-2005","14:30:07.994",42.66
"BC","27-DEC-2005","14:30:07.994",40.54
"BC","27-DEC-2005","14:30:07.994",40.54
"BGG","27-DEC-2005","14:30:07.994",39.81
"CC","27-DEC-2005","14:30:07.994",22.9
"CC","27-DEC-2005","14:30:08.117",0
"IBM","27-DEC-2005","14:30:08.117",83.49
"GSL","27-DEC-2005","14:30:08.119",43.71
"HIH","27-DEC-2005","14:30:08.119",11.09
"HIH","27-DEC-2005","14:30:08.119",11.09
"KRC","27-DEC-2005","14:30:08.120",63.13
"FSLb","27-DEC-2005","14:30:08.121",26.11
"KRC","27-DEC-2005","14:30:08.121",63.13
"MCD","27-DEC-2005","14:30:08.133",0
"SHO","27-DEC-2005","14:30:08.200",26.76
"SMA","27-DEC-2005","14:30:08.200",19.26
"SMA","27-DEC-2005","14:30:08.200",19.25
"TSM","27-DEC-2005","14:30:08.200",10.11
"TWX","27-DEC-2005","14:30:08.200",17.7
"TWX","27-DEC-2005","14:30:08.200",17.71
"MCD","27-DEC-2005","14:30:08.201",34.58
"NFX","27-DEC-2005","14:30:08.201",50.46
"NLY","27-DEC-2005","14:30:08.201",11.21
"SGR","27-DEC-2005","14:30:08.201",31.01
"TFR","27-DEC-2005","14:30:08.201",8.8
"PXP","27-DEC-2005","14:30:08.203",41.12
"REV","27-DEC-2005","14:30:08.203",3.31
"CAJ","27-DEC-2005","14:30:08.266",60.16
"COH","27-DEC-2005","14:30:08.266",33.46
"OFC","27-DEC-2005","14:30:08.266",35.89
"RLI","27-DEC-2005","14:30:08.266",51.51
"BN","27-DEC-2005","14:30:08.268",51.22
"CBC","27-DEC-2005","14:30:08.268",38.11
"CCL","27-DEC-2005","14:30:08.268",53.82
"AXA","27-DEC-2005","14:30:08.331",33.18
"AYI","27-DEC-2005","14:30:08.331",32.48
"BK","27-DEC-2005","14:30:08.331",32.53
"BK","27-DEC-2005","14:30:08.331",32.57
"AXE","27-DEC-2005","14:30:08.332",39.86
"ABK","27-DEC-2005","14:30:08.341",0
"GLD","27-DEC-2005","14:30:08.341",0
"KRC","27-DEC-2005","14:30:08.341",0
"FCX","27-DEC-2005","14:30:08.342",0
"BC","27-DEC-2005","14:30:08.347",0
"HLN","27-DEC-2005","14:30:08.347",0
"BK","27-DEC-2005","14:30:08.348",0
"PXP","27-DEC-2005","14:30:08.351",0
"Q","27-DEC-2005","14:30:08.351",0
"TFR","27-DEC-2005","14:30:08.352",0
"VLO","27-DEC-2005","14:30:08.352",0
"RLI","27-DEC-2005","14:30:08.535",0
"SAM","27-DEC-2005","14:30:08.602",25.59
"TIE","27-DEC-2005","14:30:08.602",67.36
"TSN","27-DEC-2005","14:30:08.602",17.32
"TSN","27-DEC-2005","14:30:08.602",17.32
"SLR","27-DEC-2005","14:30:08.605",3.63
"BFR","27-DEC-2005","14:30:08.607",7.25
"SON","27-DEC-2005","14:30:08.607",29.72
"LGF","27-DEC-2005","14:30:08.610",0
"GM","27-DEC-2005","14:30:08.612",0
"HW","27-DEC-2005","14:30:08.612",36.68
"GYI","27-DEC-2005","14:30:08.613",91.16
"HLN","27-DEC-2005","14:30:08.613",25.32
"JNS","27-DEC-2005","14:30:08.613",18.86
"PGH","27-DEC-2005","14:30:08.615",0
"FSLb","27-DEC-2005","14:30:08.617",26.1
"GCA","27-DEC-2005","14:30:08.618",14.82
"NFB","27-DEC-2005","14:30:08.618",0
"GAP","27-DEC-2005","14:30:08.620",31.7
"GM","27-DEC-2005","14:30:08.620",18.97
"GRA","27-DEC-2005","14:30:08.620",9.6
"FSL","27-DEC-2005","14:30:08.681",25.95
"LGF","27-DEC-2005","14:30:08.688",7.74
"MNT","27-DEC-2005","14:30:08.688",48.75
"NFB","27-DEC-2005","14:30:08.688",27.58
"NFB","27-DEC-2005","14:30:08.688",27.58
"LNX","27-DEC-2005","14:30:08.690",13.06
"MDZ","27-DEC-2005","14:30:08.690",17.34
"MTR","27-DEC-2005","14:30:08.690",69.75
"MU","27-DEC-2005","14:30:08.690",13.66
"MU","27-DEC-2005","14:30:08.690",13.67
"PGH","27-DEC-2005","14:30:08.692",24
"PLD","27-DEC-2005","14:30:08.692",47.08
"TIE","27-DEC-2005","14:30:08.753",0
"REV","27-DEC-2005","14:30:08.754",0
"BOW","27-DEC-2005","14:30:08.818",31.33
"BN","27-DEC-2005","14:30:08.823",51.3
"CIN","27-DEC-2005","14:30:08.823",42.91
"BGG","27-DEC-2005","14:30:08.825",39.81
"AXA","27-DEC-2005","14:30:08.827",33.18
"BC","27-DEC-2005","14:30:08.827",40.54
"BDX","27-DEC-2005","14:30:08.827",60.81
"AXE","27-DEC-2005","14:30:08.835",0
"DD","27-DEC-2005","14:30:08.837",0
"GAP","27-DEC-2005","14:30:08.837",0
"GYI","27-DEC-2005","14:30:08.837",0
"BDX","27-DEC-2005","14:30:08.899",0
"CIN","27-DEC-2005","14:30:08.899",0
"VLO","27-DEC-2005","14:30:08.899",52.23
"WHR","27-DEC-2005","14:30:08.899",83.84
"WMI","27-DEC-2005","14:30:08.899",30.81
"UIS","27-DEC-2005","14:30:08.902",5.91
"UNH","27-DEC-2005","14:30:08.902",64.61
"VIAb","27-DEC-2005","14:30:08.902",33.34
"VIAb","27-DEC-2005","14:30:08.902",33.34
"MU","27-DEC-2005","14:30:08.963",0
"Q","27-DEC-2005","14:30:08.963",5.68
"TFR","27-DEC-2005","14:30:08.964",0
"AA","27-DEC-2005","14:30:08.966",0
"BOW","27-DEC-2005","14:30:09.088",0
"IFS","27-DEC-2005","14:30:09.152",12.45
"JNS","27-DEC-2005","14:30:09.152",18.85
"KR","27-DEC-2005","14:30:09.152",19.05
"KR","27-DEC-2005","14:30:09.152",19.05
"GLW","27-DEC-2005","14:30:09.154",20.19
"HW","27-DEC-2005","14:30:09.154",36.68
"HXL","27-DEC-2005","14:30:09.154",18.55
"DD","27-DEC-2005","14:30:09.156",43.13
"ESE","27-DEC-2005","14:30:09.156",44.51
"FSL","27-DEC-2005","14:30:09.156",25.95
"FBP","27-DEC-2005","14:30:09.158",12.69
"GRA","27-DEC-2005","14:30:09.158",9.6
"SMA","27-DEC-2005","14:30:09.164",19.25
"SRZ","27-DEC-2005","14:30:09.164",35.1
"SWY","27-DEC-2005","14:30:09.164",24.51
"TFR","27-DEC-2005","14:30:09.164",8.8
"TWX","27-DEC-2005","14:30:09.228",17.71
"UFI","27-DEC-2005","14:30:09.228",2.92
"WMI","27-DEC-2005","14:30:09.228",30.77
"WST","27-DEC-2005","14:30:09.228",25.36
"CVA","27-DEC-2005","14:30:09.229",15
"MU","27-DEC-2005","14:30:09.229",13.67
"CBC","27-DEC-2005","14:30:09.233",38.11
"CC","27-DEC-2005","14:30:09.233",22.9
"ORB","27-DEC-2005","14:30:09.233",13
"PXP","27-DEC-2005","14:30:09.233",41.12
"CFC","27-DEC-2005","14:30:09.235",35.23
"MMR","27-DEC-2005","14:30:09.235",20.11
"PCU","27-DEC-2005","14:30:09.235",68.31
"ORB","27-DEC-2005","14:30:09.244",0
"PLD","27-DEC-2005","14:30:09.244",0
"UIS","27-DEC-2005","14:30:09.253",0
"ESE","27-DEC-2005","14:30:09.315",0
"LNX","27-DEC-2005","14:30:09.316",0
"AGN","27-DEC-2005","14:30:09.317",0
"GLW","27-DEC-2005","14:30:09.317",0
"DIS","27-DEC-2005","14:30:09.319",0
"MMR","27-DEC-2005","14:30:09.503",0
"Q","27-DEC-2005","14:30:09.503",5.68
"WAL","27-DEC-2005","14:30:09.504",0
"BC","27-DEC-2005","14:30:09.507",0
"VLO","27-DEC-2005","14:30:09.507",0
"WST","27-DEC-2005","14:30:09.507",0
"BLS","27-DEC-2005","14:30:09.508",0
"CFC","27-DEC-2005","14:30:09.508",0
"ANL","27-DEC-2005","14:30:09.514",23.68
"AYI","27-DEC-2005","14:30:09.514",32.48
"BC","27-DEC-2005","14:30:09.514",40.54
"BK","27-DEC-2005","14:30:09.514",32.51
"BLS","27-DEC-2005","14:30:09.514",27.6
"BLS","27-DEC-2005","14:30:09.514",27.59
"AA","27-DEC-2005","14:30:09.517",29.42
"AVZ","27-DEC-2005","14:30:09.517",15.69
"AXA","27-DEC-2005","14:30:09.517",33.18
"TSN","27-DEC-2005","14:30:09.637",17.34
"UFI","27-DEC-2005","14:30:09.637",2.92
"UIS","27-DEC-2005","14:30:09.637",5.91
"UIS","27-DEC-2005","14:30:09.637",5.91
"VLI","27-DEC-2005","14:30:09.637",51.81
"WAL","27-DEC-2005","14:30:09.637",29.5
"WHR","27-DEC-2005","14:30:09.637",83.84
"S","27-DEC-2005","14:30:09.639",23.84
"SHO","27-DEC-2005","14:30:09.639",26.76
"SRZ","27-DEC-2005","14:30:09.639",35.1
"SWY","27-DEC-2005","14:30:09.639",24.51
"TFR","27-DEC-2005","14:30:09.639",8.8
"TWX","27-DEC-2005","14:30:09.639",17.71
"KEY","27-DEC-2005","14:30:09.642",33.77
"DIS","27-DEC-2005","14:30:09.645",24.35
"DWA","27-DEC-2005","14:30:09.645",24.68
"FCX","27-DEC-2005","14:30:09.645",55.7
"ET","27-DEC-2005","14:30:09.648",21.55
"GAP","27-DEC-2005","14:30:09.648",31.7
"GCA","27-DEC-2005","14:30:09.648",14.81
"KR","27-DEC-2005","14:30:09.709",19.05
"ADI","27-DEC-2005","14:30:09.712",0
"EVG","27-DEC-2005","14:30:09.712",0
"KEY","27-DEC-2005","14:30:09.712",0
"DWA","27-DEC-2005","14:30:09.713",0
"ELN","27-DEC-2005","14:30:09.713",0
"COH","27-DEC-2005","14:30:09.717",33.46
"CTB","27-DEC-2005","14:30:09.717",14.89
"GAP","27-DEC-2005","14:30:09.717",0
"CAJ","27-DEC-2005","14:30:09.719",60.16
"CBC","27-DEC-2005","14:30:09.719",38.11
"CC","27-DEC-2005","14:30:09.719",22.9
"CCU","27-DEC-2005","14:30:09.719",31.99
"MCD","27-DEC-2005","14:30:09.719",34.58
"MXO","27-DEC-2005","14:30:09.719",7.06
"MZ","27-DEC-2005","14:30:09.719",1.4
"PCU","27-DEC-2005","14:30:09.721",68.31
"NVL","27-DEC-2005","14:30:09.723",21.22
"RBK","27-DEC-2005","14:30:09.723",58.29
"LNX","27-DEC-2005","14:30:09.844",13.05
"MDZ","27-DEC-2005","14:30:09.844",17.29
"OFG","27-DEC-2005","14:30:09.844",13.24
"TSD","27-DEC-2005","14:30:09.844",11.81
"UNH","27-DEC-2005","14:30:09.844",64.61
"WMI","27-DEC-2005","14:30:09.844",30.77
"UNH","27-DEC-2005","14:30:09.907",0
"TWX","27-DEC-2005","14:30:09.910",0
"RBK","27-DEC-2005","14:30:09.912",0
"TFR","27-DEC-2005","14:30:09.913",0
"COH","27-DEC-2005","14:30:09.918",0
"BEN","27-DEC-2005","14:30:09.919",0
"CCU","27-DEC-2005","14:30:09.920",0
"CFD","27-DEC-2005","14:30:09.920",0
"CHG","27-DEC-2005","14:30:09.920",0
"Q","27-DEC-2005","14:30:09.922",5.68
"Q","27-DEC-2005","14:30:09.922",5.68
"Q","27-DEC-2005","14:30:09.922",5.7
"ADI","27-DEC-2005","14:30:10.048",37.12
"AN","27-DEC-2005","14:30:10.048",22.1
"AXE","27-DEC-2005","14:30:10.048",39.86
"CFC","27-DEC-2005","14:30:10.048",35.23
"CFD","27-DEC-2005","14:30:10.048",9.11
"AYI","27-DEC-2005","14:30:10.049",32.48
"ASA","27-DEC-2005","14:30:10.110",53.21
"AXE","27-DEC-2005","14:30:10.110",39.86
"BBI","27-DEC-2005","14:30:10.110",3.59
"BBI","27-DEC-2005","14:30:10.110",3.58
"BC","27-DEC-2005","14:30:10.110",40.54
"BEN","27-DEC-2005","14:30:10.110",97.23
"SLE","27-DEC-2005","14:30:10.171",19.08
"STU","27-DEC-2005","14:30:10.171",208.34
"TFR","27-DEC-2005","14:30:10.171",8.8
"TWX","27-DEC-2005","14:30:10.171",17.71
"BBI","27-DEC-2005","14:30:10.173",0
"HRB","27-DEC-2005","14:30:10.173",0
"ET","27-DEC-2005","14:30:10.175",0
"FPL","27-DEC-2005","14:30:10.176",0
"IT","27-DEC-2005","14:30:10.176",0
"AIG","27-DEC-2005","14:30:10.178",0
"GTI","27-DEC-2005","14:30:10.180",6.48
"HRB","27-DEC-2005","14:30:10.180",24.21
"JPC","27-DEC-2005","14:30:10.180",11.8
"KR","27-DEC-2005","14:30:10.180",19.05
"KRC","27-DEC-2005","14:30:10.180",63.13
"KRC","27-DEC-2005","14:30:10.180",63.13
"EEF","27-DEC-2005","14:30:10.181",17.35
"EIX","27-DEC-2005","14:30:10.181",43.98
"ELN","27-DEC-2005","14:30:10.181",13.86
"FSLb","27-DEC-2005","14:30:10.181",26.1
"ET","27-DEC-2005","14:30:10.183",21.55
"FPL","27-DEC-2005","14:30:10.183",41.1
"GAP","27-DEC-2005","14:30:10.183",31.7
"IT","27-DEC-2005","14:30:10.185",13.41
"BOW","27-DEC-2005","14:30:10.247",31.33
"CAJ","27-DEC-2005","14:30:10.247",60.16
"CHG","27-DEC-2005","14:30:10.247",46.38
"CIN","27-DEC-2005","14:30:10.247",42.91
"MCD","27-DEC-2005","14:30:10.249",34.58
"NFB","27-DEC-2005","14:30:10.249",27.58
"MWD","27-DEC-2005","14:30:10.251",58.44
"NVL","27-DEC-2005","14:30:10.251",21.22
"RWF","27-DEC-2005","14:30:10.251",17
"MDZ","27-DEC-2005","14:30:10.315",17.34
"MU","27-DEC-2005","14:30:10.315",13.67
"NFB","27-DEC-2005","14:30:10.315",0
"MON","27-DEC-2005","14:30:10.316",0
"UIC","27-DEC-2005","14:30:10.318",0
"S","27-DEC-2005","14:30:10.320",23.84
"TPC","27-DEC-2005","14:30:10.320",0
"UAG","27-DEC-2005","14:30:10.320",38.24
"UIC","27-DEC-2005","14:30:10.320",43.6
"YCC","27-DEC-2005","14:30:10.320",26.43
"YCC","27-DEC-2005","14:30:10.320",26.42
"UMC","27-DEC-2005","14:30:10.322",3.35
"UIS","27-DEC-2005","14:30:10.381",5.91
"VIAb","27-DEC-2005","14:30:10.381",33.33
"JPC","27-DEC-2005","14:30:10.383",0
"BJS","27-DEC-2005","14:30:10.384",0
"CVA","27-DEC-2005","14:30:10.384",0
"YCC","27-DEC-2005","14:30:10.510",0
"MU","27-DEC-2005","14:30:10.512",0
"MWD","27-DEC-2005","14:30:10.512",0
"SLE","27-DEC-2005","14:30:10.514",0
"AGN","27-DEC-2005","14:30:10.515",109.76
"BAY","27-DEC-2005","14:30:10.515",42.65
"CFC","27-DEC-2005","14:30:10.515",35.23
"AAR","27-DEC-2005","14:30:10.516",19.61
"AIG","27-DEC-2005","14:30:10.516",68.44
"ARP","27-DEC-2005","14:30:10.516",25.56
"AKS","27-DEC-2005","14:30:10.517",7.91
"BGG","27-DEC-2005","14:30:10.517",39.81
"BJS","27-DEC-2005","14:30:10.517",37.62
"ARP","27-DEC-2005","14:30:10.583",0
"HNR","27-DEC-2005","14:30:10.584",0
"HPC","27-DEC-2005","14:30:10.584",0
"KR","27-DEC-2005","14:30:10.584",0
"AAR","27-DEC-2005","14:30:10.648",0
"GGP","27-DEC-2005","14:30:10.648",0
"TWX","27-DEC-2005","14:30:10.648",17.7
"SLE","27-DEC-2005","14:30:10.650",19.08
"SLG","27-DEC-2005","14:30:10.650",75.85
"TPC","27-DEC-2005","14:30:10.650",2.73
"TSM","27-DEC-2005","14:30:10.650",10.1
"TXN","27-DEC-2005","14:30:10.650",33.12
"S","27-DEC-2005","14:30:10.651",23.84
"GSL","27-DEC-2005","14:30:10.654",43.71
"HD","27-DEC-2005","14:30:10.654",41.72
"HNR","27-DEC-2005","14:30:10.654",9.13
"HIH","27-DEC-2005","14:30:10.657",11.09
"HPC","27-DEC-2005","14:30:10.657",11.66
"HPC","27-DEC-2005","14:30:10.657",11.66
"DER","27-DEC-2005","14:30:10.717",7.16
"GM","27-DEC-2005","14:30:10.717",18.97
"GAP","27-DEC-2005","14:30:10.719",31.7
"GGP","27-DEC-2005","14:30:10.722",48.11
"GRA","27-DEC-2005","14:30:10.722",9.6
"BN","27-DEC-2005","14:30:10.729",51.28
"CBC","27-DEC-2005","14:30:10.729",38.11
"CCJ","27-DEC-2005","14:30:10.729",62
"CSA","27-DEC-2005","14:30:10.729",16.96
"BLS","27-DEC-2005","14:30:10.732",27.59
"NFB","27-DEC-2005","14:30:10.734",27.58
"NLS","27-DEC-2005","14:30:10.736",19.22
"LUM","27-DEC-2005","14:30:10.737",7.5
"MCD","27-DEC-2005","14:30:10.737",34.58
"MZ","27-DEC-2005","14:30:10.737",1.4
"PGH","27-DEC-2005","14:30:10.738",24
"PXP","27-DEC-2005","14:30:10.738",41.13
"NVL","27-DEC-2005","14:30:10.740",21.22
"MOT","27-DEC-2005","14:30:10.741",23.51
"Q","27-DEC-2005","14:30:10.746",5.7
"Q","27-DEC-2005","14:30:10.746",5.7
"AKS","27-DEC-2005","14:30:10.804",0
"DER","27-DEC-2005","14:30:10.804",0
"LUM","27-DEC-2005","14:30:10.804",0
"NZT","27-DEC-2005","14:30:10.804",31.77
"MOT","27-DEC-2005","14:30:10.805",0
"TWX","27-DEC-2005","14:30:10.805",0
"TXN","27-DEC-2005","14:30:10.805",0
"UMC","27-DEC-2005","14:30:10.807",0
"WLS","27-DEC-2005","14:30:10.807",0
"PXP","27-DEC-2005","14:30:10.867",0
"S","27-DEC-2005","14:30:10.867",0
"ZNT","27-DEC-2005","14:30:10.867",0
"SRZ","27-DEC-2005","14:30:10.931",35.1
"SRZ","27-DEC-2005","14:30:10.931",35.09
"UFI","27-DEC-2005","14:30:10.933",2.92
"WLS","27-DEC-2005","14:30:10.933",104.06
"ZNT","27-DEC-2005","14:30:10.933",46.76
"VLI","27-DEC-2005","14:30:10.935",51.81
"CC","27-DEC-2005","14:30:10.938",22.9
"CCL","27-DEC-2005","14:30:10.938",53.82
"CFC","27-DEC-2005","14:30:10.938",35.2
"ACR","27-DEC-2005","14:30:10.941",26.16
"BC","27-DEC-2005","14:30:10.941",40.54
"BC","27-DEC-2005","14:30:10.941",40.54
"ADP","27-DEC-2005","14:30:10.944",46.71
"AGO","27-DEC-2005","14:30:10.944",25.29
"ABK","27-DEC-2005","14:30:10.946",78.81
"MT","27-DEC-2005","14:30:11.006",26.25
"NLS","27-DEC-2005","14:30:11.006",19.22
"CSA","27-DEC-2005","14:30:11.070",0
"AGO","27-DEC-2005","14:30:11.134",0
"KEY","27-DEC-2005","14:30:11.138",0
"ACR","27-DEC-2005","14:30:11.141",0
"ADP","27-DEC-2005","14:30:11.141",0
"NLS","27-DEC-2005","14:30:11.141",0
"CCU","27-DEC-2005","14:30:11.148",31.99
"TWX","27-DEC-2005","14:30:11.148",0
"CBC","27-DEC-2005","14:30:11.150",38.09
"CFC","27-DEC-2005","14:30:11.150",35.2
"CIN","27-DEC-2005","14:30:11.150",42.91
"COH","27-DEC-2005","14:30:11.150",33.46
"CRDa","27-DEC-2005","14:30:11.150",5.95
"CVA","27-DEC-2005","14:30:11.150",15
"KEY","27-DEC-2005","14:30:11.211",33.76
"GTI","27-DEC-2005","14:30:11.213",6.48
"HRB","27-DEC-2005","14:30:11.213",24.21
"HW","27-DEC-2005","14:30:11.213",36.68
"EIX","27-DEC-2005","14:30:11.215",43.98
"GLW","27-DEC-2005","14:30:11.215",20.19
"DGX","27-DEC-2005","14:30:11.217",52.4
"ESE","27-DEC-2005","14:30:11.217",44.51
"EWJ","27-DEC-2005","14:30:11.217",13.58
"FDP","27-DEC-2005","14:30:11.217",23.77
"FSLb","27-DEC-2005","14:30:11.217",26.1
"DKZ","27-DEC-2005","14:30:11.219",23.71
"KEY","27-DEC-2005","14:30:11.219",33.77
"MDY","27-DEC-2005","14:30:11.221",136.81
"SLR","27-DEC-2005","14:30:11.221",3.63
"SWY","27-DEC-2005","14:30:11.221",24.51
"TIE","27-DEC-2005","14:30:11.221",67.43
"SVC","27-DEC-2005","14:30:11.223",21.39
"SMA","27-DEC-2005","14:30:11.226",19.25
"SYY","27-DEC-2005","14:30:11.226",31.9
"TAP","27-DEC-2005","14:30:11.226",66.35
"TFR","27-DEC-2005","14:30:11.226",8.8
"TWX","27-DEC-2005","14:30:11.226",17.7
"TWX","27-DEC-2005","14:30:11.226",17.71
"TWX","27-DEC-2005","14:30:11.226",17.71
"WMI","27-DEC-2005","14:30:11.286",30.77
"MCD","27-DEC-2005","14:30:11.289",34.58
"MON","27-DEC-2005","14:30:11.290",77.86
"PTV","27-DEC-2005","14:30:11.290",21.79
"RIO","27-DEC-2005","14:30:11.290",41.07
"RLI","27-DEC-2005","14:30:11.290",51.75
"RRA","27-DEC-2005","14:30:11.290",11.05
"RIO","27-DEC-2005","14:30:11.353",41.07
"EWJ","27-DEC-2005","14:30:11.354",0
"AWG","27-DEC-2005","14:30:11.355",0
"DKZ","27-DEC-2005","14:30:11.355",0
"DGX","27-DEC-2005","14:30:11.356",0
"GM","27-DEC-2005","14:30:11.416",18.97
"MXF","27-DEC-2005","14:30:11.418",0
"PTV","27-DEC-2005","14:30:11.418",0
"WMI","27-DEC-2005","14:30:11.420",0
"RIO","27-DEC-2005","14:30:11.421",0
"ROC","27-DEC-2005","14:30:11.421",0
"RRA","27-DEC-2005","14:30:11.421",0
"WMT","27-DEC-2005","14:30:11.421",0
"SVC","27-DEC-2005","14:30:11.423",0
"SYY","27-DEC-2005","14:30:11.423",0
"MDY","27-DEC-2005","14:30:11.485",0
"TMR","27-DEC-2005","14:30:11.485",0
"AA","27-DEC-2005","14:30:11.487",29.42
"ACV","27-DEC-2005","14:30:11.487",45.96
"AN","27-DEC-2005","14:30:11.487",22.1
"ANL","27-DEC-2005","14:30:11.487",23.59
"ASP","27-DEC-2005","14:30:11.487",10.47
"AWG","27-DEC-2005","14:30:11.487",12.33
"AKS","27-DEC-2005","14:30:11.490",7.91
"AMU","27-DEC-2005","14:30:11.490",10.21
"AXA","27-DEC-2005","14:30:11.490",33.18
"BDK","27-DEC-2005","14:30:11.490",88.02
"NWK","27-DEC-2005","14:30:11.490",4.4
"ROC","27-DEC-2005","14:30:11.490",19.32
"AIG","27-DEC-2005","14:30:11.491",68.45
"MXF","27-DEC-2005","14:30:11.491",28.3
"BDK","27-DEC-2005","14:30:11.617",0
"ACV","27-DEC-2005","14:30:11.622",0
"HIS","27-DEC-2005","14:30:11.623",0
"AA","27-DEC-2005","14:30:11.625",0
"FDP","27-DEC-2005","14:30:11.625",0
"AIG","27-DEC-2005","14:30:11.627",0
"AMU","27-DEC-2005","14:30:11.627",0
"VLO","27-DEC-2005","14:30:11.627",52.23
"VLO","27-DEC-2005","14:30:11.627",52.19
"S","27-DEC-2005","14:30:11.628",23.84
"SHO","27-DEC-2005","14:30:11.628",26.81
"TIE","27-DEC-2005","14:30:11.628",67.34
"TMR","27-DEC-2005","14:30:11.628",4.32
"SYY","27-DEC-2005","14:30:11.692",31.9
"TWX","27-DEC-2005","14:30:11.692",17.71
"BGG","27-DEC-2005","14:30:11.696",39.8
"Q","27-DEC-2005","14:30:11.696",0
"SON","27-DEC-2005","14:30:11.696",0
"CBB","27-DEC-2005","14:30:11.698",3.58
"CCJ","27-DEC-2005","14:30:11.698",62
"CCL","27-DEC-2005","14:30:11.698",53.82
"CCU","27-DEC-2005","14:30:11.698",31.94
"COH","27-DEC-2005","14:30:11.698",33.5
"CTB","27-DEC-2005","14:30:11.698",14.89
"GYI","27-DEC-2005","14:30:11.700",91.11
"GYI","27-DEC-2005","14:30:11.700",91.11
"HIS","27-DEC-2005","14:30:11.700",2.42
"HRB","27-DEC-2005","14:30:11.700",24.21
"HRB","27-DEC-2005","14:30:11.700",24.21
"KRC","27-DEC-2005","14:30:11.700",63.13
"KRC","27-DEC-2005","14:30:11.700",63.13
"DD","27-DEC-2005","14:30:11.702",43.13
"DLB","27-DEC-2005","14:30:11.702",16.95
"ET","27-DEC-2005","14:30:11.702",21.55
"EXC","27-DEC-2005","14:30:11.702",54.7
"FCX","27-DEC-2005","14:30:11.702",55.71
"GAP","27-DEC-2005","14:30:11.702",31.7
"GAP","27-DEC-2005","14:30:11.702",31.67
"FSL","27-DEC-2005","14:30:11.766",25.95
"GLD","27-DEC-2005","14:30:11.766",50.65
"GLW","27-DEC-2005","14:30:11.766",20.19
"MCD","27-DEC-2005","14:30:11.773",34.58
"MLI","27-DEC-2005","14:30:11.773",28.3
"NFX","27-DEC-2005","14:30:11.774",50.46
"MWD","27-DEC-2005","14:30:11.775",58.44
"NRT","27-DEC-2005","14:30:11.775",25.56
"NSM","27-DEC-2005","14:30:11.775",27.08
"RLI","27-DEC-2005","14:30:11.775",51.75
"OMC","27-DEC-2005","14:30:11.835",86.68
"PLD","27-DEC-2005","14:30:11.835",47.1
"RRI","27-DEC-2005","14:30:11.835",10.3
"RRI","27-DEC-2005","14:30:11.835",10.3
"DLB","27-DEC-2005","14:30:11.836",0
"EXC","27-DEC-2005","14:30:11.836",0
"JNJ","27-DEC-2005","14:30:11.836",0
"CBB","27-DEC-2005","14:30:11.901",0
"MLI","27-DEC-2005","14:30:11.904",0
"OMC","27-DEC-2005","14:30:11.905",0
"MWD","27-DEC-2005","14:30:11.906",0
"NRT","27-DEC-2005","14:30:11.907",0
"RRI","27-DEC-2005","14:30:11.907",0
"TFR","27-DEC-2005","14:30:11.907",0
"SDX","27-DEC-2005","14:30:11.969",41.5
"WMT","27-DEC-2005","14:30:11.969",48.45
"UIS","27-DEC-2005","14:30:11.971",5.91
"UNH","27-DEC-2005","14:30:11.971",64.61
"USA","27-DEC-2005","14:30:11.971",8.35
"VLO","27-DEC-2005","14:30:11.971",52.16
"AYI","27-DEC-2005","14:30:11.973",32.48
"CCJ","27-DEC-2005","14:30:11.973",62
"CCU","27-DEC-2005","14:30:11.973",31.94
"AA","27-DEC-2005","14:30:11.974",29.42
"AKS","27-DEC-2005","14:30:11.974",7.91
"AVZ","27-DEC-2005","14:30:11.974",15.69
"AA","27-DEC-2005","14:30:11.976",29.42
"ADS","27-DEC-2005","14:30:11.976",36.5
"HMY","27-DEC-2005","14:30:12.101",0
"KOB","27-DEC-2005","14:30:12.102",0
"USA","27-DEC-2005","14:30:12.103",0
"CMA","27-DEC-2005","14:30:12.165",57.93
"CVA","27-DEC-2005","14:30:12.165",15
"NFB","27-DEC-2005","14:30:12.167",0
"NSM","27-DEC-2005","14:30:12.167",0
"TXN","27-DEC-2005","14:30:12.171",0
"UNH","27-DEC-2005","14:30:12.171",0
"HIH","27-DEC-2005","14:30:12.232",11.1
"HMY","27-DEC-2005","14:30:12.232",13.18
"HNR","27-DEC-2005","14:30:12.232",9.13
"HXL","27-DEC-2005","14:30:12.232",18.55
"JNJ","27-DEC-2005","14:30:12.232",61.15
"EDF","27-DEC-2005","14:30:12.234",12.6
"EEF","27-DEC-2005","14:30:12.234",17.35
"ESE","27-DEC-2005","14:30:12.234",44.51
"FSLb","27-DEC-2005","14:30:12.234",26.1
"HPC","27-DEC-2005","14:30:12.234",11.65
"KEY","27-DEC-2005","14:30:12.234",33.76
"KOB","27-DEC-2005","14:30:12.234",25.83
"EDF","27-DEC-2005","14:30:12.238",12.47
"EWJ","27-DEC-2005","14:30:12.238",13.58
"FCX","27-DEC-2005","14:30:12.238",55.71
"DNA","27-DEC-2005","14:30:12.240",94.16
"ESE","27-DEC-2005","14:30:12.240",44.5
"SAM","27-DEC-2005","14:30:12.310",25.6
"SDX","27-DEC-2005","14:30:12.310",41.21
"SLE","27-DEC-2005","14:30:12.310",19.09
"SLG","27-DEC-2005","14:30:12.310",75.85
"SVC","27-DEC-2005","14:30:12.310",21.39
"SVC","27-DEC-2005","14:30:12.310",21.4
"TWX","27-DEC-2005","14:30:12.310",17.71
"TWX","27-DEC-2005","14:30:12.311",17.71
"TXN","27-DEC-2005","14:30:12.311",33.11
"UNH","27-DEC-2005","14:30:12.311",64.6
"VIAb","27-DEC-2005","14:30:12.311",33.33
"YCC","27-DEC-2005","14:30:12.311",26.41
"MWD","27-DEC-2005","14:30:12.313",58.44
"MXO","27-DEC-2005","14:30:12.313",7.06
"UAG","27-DEC-2005","14:30:12.313",38.24
"UFI","27-DEC-2005","14:30:12.313",3
"UMC","27-DEC-2005","14:30:12.313",3.35
"VLO","27-DEC-2005","14:30:12.315",52.14
"MZ","27-DEC-2005","14:30:12.318",1.39
"NFB","27-DEC-2005","14:30:12.318",27.58
"MDZ","27-DEC-2005","14:30:12.320",17.4
"NZT","27-DEC-2005","14:30:12.320",31.77
"OFG","27-DEC-2005","14:30:12.320",13.24
"PXP","27-DEC-2005","14:30:12.321",41.13
"ADS","27-DEC-2005","14:30:12.322",0
"DNA","27-DEC-2005","14:30:12.322",0
"PXR","27-DEC-2005","14:30:12.386",0
"VLO","27-DEC-2005","14:30:12.449",0
"FBP","27-DEC-2005","14:30:12.451",12.69
"TFR","27-DEC-2005","14:30:12.451",0
"CBC","27-DEC-2005","14:30:12.513",38.09
"AKS","27-DEC-2005","14:30:12.515",7.95
"AGN","27-DEC-2005","14:30:12.517",109.8
"ARP","27-DEC-2005","14:30:12.517",25.6
"AA","27-DEC-2005","14:30:12.518",29.42
"ADI","27-DEC-2005","14:30:12.518",37.12
"ADP","27-DEC-2005","14:30:12.520",46.72
"PXR","27-DEC-2005","14:30:12.520",19.76
"Q","27-DEC-2005","14:30:12.520",5.7
"BJS","27-DEC-2005","14:30:12.523",0
"BTU","27-DEC-2005","14:30:12.523",0
"CMA","27-DEC-2005","14:30:12.523",0
"CCJ","27-DEC-2005","14:30:12.525",0
"EWJ","27-DEC-2005","14:30:12.525",0
"EWJ","27-DEC-2005","14:30:12.525",0
"MRO","27-DEC-2005","14:30:12.649",0
"PPD","27-DEC-2005","14:30:12.710",0
"THC","27-DEC-2005","14:30:12.710",0
"ADS","27-DEC-2005","14:30:12.711",36.5
"BJS","27-DEC-2005","14:30:12.711",37.62
"BJS","27-DEC-2005","14:30:12.711",37.62
"CC","27-DEC-2005","14:30:12.711",22.9
"CCJ","27-DEC-2005","14:30:12.711",62
"CRY","27-DEC-2005","14:30:12.711",3.38
"BN","27-DEC-2005","14:30:12.713",51.28
"BOW","27-DEC-2005","14:30:12.713",31.33
"CNT","27-DEC-2005","14:30:12.713",49.43
"CTB","27-DEC-2005","14:30:12.713",14.9
"S","27-DEC-2005","14:30:12.713",23.84
"TAP","27-DEC-2005","14:30:12.713",66.35
"TFR","27-DEC-2005","14:30:12.713",8.8
"CAJ","27-DEC-2005","14:30:12.715",60.16
"CIN","27-DEC-2005","14:30:12.715",42.91
"SMA","27-DEC-2005","14:30:12.715",19.25
"SRZ","27-DEC-2005","14:30:12.715",35.09
"SWY","27-DEC-2005","14:30:12.715",24.51
"SYY","27-DEC-2005","14:30:12.715",31.9
"THC","27-DEC-2005","14:30:12.715",7.97
"DVD","27-DEC-2005","14:30:12.716",0
"EDF","27-DEC-2005","14:30:12.716",0
"ACR","27-DEC-2005","14:30:12.718",0
"ACV","27-DEC-2005","14:30:12.718",0
"GDP","27-DEC-2005","14:30:12.722",0
"GDW","27-DEC-2005","14:30:12.722",0
"HNR","27-DEC-2005","14:30:12.722",9.13
"KR","27-DEC-2005","14:30:12.783",19.05
"EIX","27-DEC-2005","14:30:12.786",43.98
"EWJ","27-DEC-2005","14:30:12.786",13.58
"DGX","27-DEC-2005","14:30:12.788",52.4
"DLB","27-DEC-2005","14:30:12.788",16.95
"DVD","27-DEC-2005","14:30:12.788",6.21
"GDP","27-DEC-2005","14:30:12.788",25.83
"GDW","27-DEC-2005","14:30:12.788",67.4
"DIS","27-DEC-2005","14:30:12.791",24.35
"GGP","27-DEC-2005","14:30:12.791",48.14
"LUM","27-DEC-2005","14:30:12.802",7.5
"MRO","27-DEC-2005","14:30:12.804",61.86
"MXO","27-DEC-2005","14:30:12.804",7.06
"PPD","27-DEC-2005","14:30:12.804",38.34
"NWK","27-DEC-2005","14:30:12.806",4.4
"PPD","27-DEC-2005","14:30:12.806",38.34
"RIO","27-DEC-2005","14:30:12.806",41.07
"ITU","27-DEC-2005","14:30:12.867",24.3
"PGH","27-DEC-2005","14:30:12.867",23.93
"PLB","27-DEC-2005","14:30:12.867",7.27
"PLD","27-DEC-2005","14:30:12.867",47.1
"PTV","27-DEC-2005","14:30:12.867",21.79
"Q","27-DEC-2005","14:30:12.867",0
"EWJ","27-DEC-2005","14:30:13.002",13.58
"FCX","27-DEC-2005","14:30:13.002",55.71
"KRC","27-DEC-2005","14:30:13.002",63.13
"VZ","27-DEC-2005","14:30:13.002",0
"GSL","27-DEC-2005","14:30:13.003",43.71
"HIS","27-DEC-2005","14:30:13.003",2.44
"ADI","27-DEC-2005","14:30:13.004",37.12
"BC","27-DEC-2005","14:30:13.004",40.54
"CBB","27-DEC-2005","14:30:13.004",3.58
"CCJ","27-DEC-2005","14:30:13.004",62
"CCL","27-DEC-2005","14:30:13.004",53.82
"HW","27-DEC-2005","14:30:13.004",36.68
"KRC","27-DEC-2005","14:30:13.004",63.13
"AA","27-DEC-2005","14:30:13.006",29.42
"AYI","27-DEC-2005","14:30:13.006",32.48
"BDK","27-DEC-2005","14:30:13.006",88.02
"AA","27-DEC-2005","14:30:13.007",29.42
"ADS","27-DEC-2005","14:30:13.007",36.5
"AKS","27-DEC-2005","14:30:13.007",7.95
"AKS","27-DEC-2005","14:30:13.007",7.95
"AYI","27-DEC-2005","14:30:13.007",32.49
"BJS","27-DEC-2005","14:30:13.007",37.62
"BK","27-DEC-2005","14:30:13.007",32.51
"WM","27-DEC-2005","14:30:13.007",44.55
"WMI","27-DEC-2005","14:30:13.007",30.85
"AKS","27-DEC-2005","14:30:13.008",7.95
"ADP","27-DEC-2005","14:30:13.009",46.72
"ADS","27-DEC-2005","14:30:13.009",36.5
"ADS","27-DEC-2005","14:30:13.009",36.5
"BDK","27-DEC-2005","14:30:13.009",88.02
"BGG","27-DEC-2005","14:30:13.009",39.8
"SON","27-DEC-2005","14:30:13.009",29.72
"UNH","27-DEC-2005","14:30:13.009",64.6
"NFB","27-DEC-2005","14:30:13.011",27.57
"NSM","27-DEC-2005","14:30:13.011",27.08
"RLI","27-DEC-2005","14:30:13.011",51.75
"BR","27-DEC-2005","14:30:13.012",0
"CNT","27-DEC-2005","14:30:13.013",0
"CRY","27-DEC-2005","14:30:13.013",0
"CCJ","27-DEC-2005","14:30:13.015",0
"DLB","27-DEC-2005","14:30:13.017",0
"WM","27-DEC-2005","14:30:13.143",0
"PLB","27-DEC-2005","14:30:13.148",0
"MBI","27-DEC-2005","14:30:13.208",0
"SWY","27-DEC-2005","14:30:13.208",24.52
"AYI","27-DEC-2005","14:30:13.271",0
"S","27-DEC-2005","14:30:13.271",23.84
"TPC","27-DEC-2005","14:30:13.271",2.72
"TXN","27-DEC-2005","14:30:13.271",33.11
"ADS","27-DEC-2005","14:30:13.273",0
"KRC","27-DEC-2005","14:30:13.273",0
"AA","27-DEC-2005","14:30:13.274",0
"DA","27-DEC-2005","14:30:13.279",21.28
"DLB","27-DEC-2005","14:30:13.279",16.95
"GRA","27-DEC-2005","14:30:13.279",9.6
"GTI","27-DEC-2005","14:30:13.279",6.48
"GYI","27-DEC-2005","14:30:13.279",91.11
"HIH","27-DEC-2005","14:30:13.279",11.1
"HRB","27-DEC-2005","14:30:13.279",24.21
"DGX","27-DEC-2005","14:30:13.281",52.4
"DLB","27-DEC-2005","14:30:13.281",16.95
"FDO","27-DEC-2005","14:30:13.281",25.13
"FDP","27-DEC-2005","14:30:13.281",23.77
"GCA","27-DEC-2005","14:30:13.283",14.81
"IBM","27-DEC-2005","14:30:13.283",83.46
"CCU","27-DEC-2005","14:30:13.286",31.94
"CTB","27-DEC-2005","14:30:13.286",14.9
"CVA","27-DEC-2005","14:30:13.286",15
"FSLb","27-DEC-2005","14:30:13.286",26.1
"HIH","27-DEC-2005","14:30:13.286",11.1
"HPC","27-DEC-2005","14:30:13.286",11.65
"CFC","27-DEC-2005","14:30:13.287",35.2
"BR","27-DEC-2005","14:30:13.289",86.28
"CBB","27-DEC-2005","14:30:13.289",3.58
"CF","27-DEC-2005","14:30:13.289",15.32
"BOW","27-DEC-2005","14:30:13.291",31.33
"MDY","27-DEC-2005","14:30:13.298",136.87
"MLI","27-DEC-2005","14:30:13.301",28.3
"MBI","27-DEC-2005","14:30:13.361",61.36
"MOT","27-DEC-2005","14:30:13.361",23.51
"PLD","27-DEC-2005","14:30:13.363",47.1
"REV","27-DEC-2005","14:30:13.363",3.31
"OMC","27-DEC-2005","14:30:13.364",86.68
"ORB","27-DEC-2005","14:30:13.364",13
"PLB","27-DEC-2005","14:30:13.364",7.27
"PTV","27-DEC-2005","14:30:13.364",21.79
"RIO","27-DEC-2005","14:30:13.364",41.07
"REV","27-DEC-2005","14:30:13.366",0
"WLP","27-DEC-2005","14:30:13.366",0
"TXN","27-DEC-2005","14:30:13.367",0
"WB","27-DEC-2005","14:30:13.368",0
"SGR","27-DEC-2005","14:30:13.511",0
"YCC","27-DEC-2005","14:30:13.511",0
"CVA","27-DEC-2005","14:30:13.514",0
"GTI","27-DEC-2005","14:30:13.514",0
"HW","27-DEC-2005","14:30:13.518",0
"IBM","27-DEC-2005","14:30:13.518",0
"BDK","27-DEC-2005","14:30:13.519",0
"BGG","27-DEC-2005","14:30:13.519",0
"BGP","27-DEC-2005","14:30:13.519",0
"BOW","27-DEC-2005","14:30:13.520",0
"BUD","27-DEC-2005","14:30:13.520",0
"CF","27-DEC-2005","14:30:13.522",0
"SGR","27-DEC-2005","14:30:13.522",31.01
"SLE","27-DEC-2005","14:30:13.522",19.08
"SON","27-DEC-2005","14:30:13.522",29.8
"TXN","27-DEC-2005","14:30:13.522",33.11
"YCC","27-DEC-2005","14:30:13.522",26.41
"VZ","27-DEC-2005","14:30:13.524",30.55
"WAL","27-DEC-2005","14:30:13.524",29.5
"WB","27-DEC-2005","14:30:13.524",54.02
"WLP","27-DEC-2005","14:30:13.524",78.46
"ZNT","27-DEC-2005","14:30:13.524",46.75
"BUD","27-DEC-2005","14:30:13.585",43.7
"CBC","27-DEC-2005","14:30:13.585",38.08
"CIN","27-DEC-2005","14:30:13.585",42.91
"AKS","27-DEC-2005","14:30:13.587",7.95
"AMU","27-DEC-2005","14:30:13.587",10.31
"ARP","27-DEC-2005","14:30:13.587",25.6
"BBI","27-DEC-2005","14:30:13.587",3.59
"BGP","27-DEC-2005","14:30:13.587",21.66
"AXA","27-DEC-2005","14:30:13.588",33.18
"AXE","27-DEC-2005","14:30:13.588",39.86
"ADI","27-DEC-2005","14:30:13.590",37.13
"AGN","27-DEC-2005","14:30:13.590",109.8
"BDK","27-DEC-2005","14:30:13.590",88.02
"MOT","27-DEC-2005","14:30:13.653",0
"PLB","27-DEC-2005","14:30:13.653",0
"GTI","27-DEC-2005","14:30:13.718",6.49
"GYI","27-DEC-2005","14:30:13.718",91.11
"HNR","27-DEC-2005","14:30:13.718",9.13
"HNR","27-DEC-2005","14:30:13.718",9.13
"HPC","27-DEC-2005","14:30:13.718",11.66
"HPC","27-DEC-2005","14:30:13.718",11.66
"IBM","27-DEC-2005","14:30:13.718",83.46
"EFG","27-DEC-2005","14:30:13.721",56.88
"FCX","27-DEC-2005","14:30:13.721",55.7
"FSL","27-DEC-2005","14:30:13.721",25.95
"GLD","27-DEC-2005","14:30:13.721",50.65
"DIS","27-DEC-2005","14:30:13.724",24.35
"ADI","27-DEC-2005","14:30:13.727",0
"FDO","27-DEC-2005","14:30:13.727",0
"HPC","27-DEC-2005","14:30:13.727",0
"ABY","27-DEC-2005","14:30:13.728",0
"FSLb","27-DEC-2005","14:30:13.728",0
"GCA","27-DEC-2005","14:30:13.728",0
"SAM","27-DEC-2005","14:30:13.730",25.6
"SLR","27-DEC-2005","14:30:13.730",3.63
"SLR","27-DEC-2005","14:30:13.730",3.65
"SVC","27-DEC-2005","14:30:13.730",21.4
"S","27-DEC-2005","14:30:13.732",23.84
"SHO","27-DEC-2005","14:30:13.732",26.81
"SLG","27-DEC-2005","14:30:13.732",75.85
"TFR","27-DEC-2005","14:30:13.732",8.8
"TMR","27-DEC-2005","14:30:13.732",4.33
"TXN","27-DEC-2005","14:30:13.732",33.11
"XNR","27-DEC-2005","14:30:13.734",3.1
"ZNT","27-DEC-2005","14:30:13.734",46.75
"CBB","27-DEC-2005","14:30:13.862",3.61
"CFC","27-DEC-2005","14:30:13.862",35.2
"CMA","27-DEC-2005","14:30:13.862",57.93
"COH","27-DEC-2005","14:30:13.862",33.5
"COH","27-DEC-2005","14:30:13.862",33.49
"MLI","27-DEC-2005","14:30:13.864",28.3
"MRK","27-DEC-2005","14:30:13.864",32.06
"MZ","27-DEC-2005","14:30:13.864",1.39
"MCD","27-DEC-2005","14:30:13.866",34.58
"NWK","27-DEC-2005","14:30:13.866",4.4
"RLI","27-DEC-2005","14:30:13.866",51.75
"NWK","27-DEC-2005","14:30:13.868",4.4
"OFG","27-DEC-2005","14:30:13.868",13.24
"PPD","27-DEC-2005","14:30:13.868",38.34
"RRI","27-DEC-2005","14:30:13.868",10.3
"SLE","27-DEC-2005","14:30:13.932",0
"SLR","27-DEC-2005","14:30:13.932",0
"WLL","27-DEC-2005","14:30:13.932",0
"OFG","27-DEC-2005","14:30:13.934",0
"BTU","27-DEC-2005","14:30:13.995",0
"COH","27-DEC-2005","14:30:13.995",0
"DHI","27-DEC-2005","14:30:13.995",0
"UFI","27-DEC-2005","14:30:13.996",2.99
"VZ","27-DEC-2005","14:30:13.996",30.51
"WLL","27-DEC-2005","14:30:14.061",41.51
"ABY","27-DEC-2005","14:30:14.122",4.03
"ACV","27-DEC-2005","14:30:14.122",45.95
"AGO","27-DEC-2005","14:30:14.122",25.34
"AKS","27-DEC-2005","14:30:14.122",7.94
"AMU","27-DEC-2005","14:30:14.122",10.31
"AN","27-DEC-2005","14:30:14.122",22.1
"BDF","27-DEC-2005","14:30:14.122",17.16
"BJS","27-DEC-2005","14:30:14.122",37.62
"ADI","27-DEC-2005","14:30:14.185",37.13
"ADS","27-DEC-2005","14:30:14.185",36.5
"AGN","27-DEC-2005","14:30:14.185",109.79
"GYI","27-DEC-2005","14:30:14.185",91.11
"HIW","27-DEC-2005","14:30:14.185",29.34
"KOB","27-DEC-2005","14:30:14.185",25.9
"KR","27-DEC-2005","14:30:14.185",19.06
"DOV","27-DEC-2005","14:30:14.188",40.97
"ELN","27-DEC-2005","14:30:14.188",13.86
"EXC","27-DEC-2005","14:30:14.188",54.7
"FPL","27-DEC-2005","14:30:14.188",41.09
"GLW","27-DEC-2005","14:30:14.188",20.5
"DA","27-DEC-2005","14:30:14.190",21.28
"EFX","27-DEC-2005","14:30:14.190",38.35
"FRZ","27-DEC-2005","14:30:14.190",22.11
"GM","27-DEC-2005","14:30:14.190",18.97
"DNA","27-DEC-2005","14:30:14.191",94.16
"MMC","27-DEC-2005","14:30:14.191",0
"NEW","27-DEC-2005","14:30:14.191",0
"CBB","27-DEC-2005","14:30:14.192",0
"BDF","27-DEC-2005","14:30:14.193",0
"ELN","27-DEC-2005","14:30:14.195",0
"EFX","27-DEC-2005","14:30:14.257",0
"IT","27-DEC-2005","14:30:14.257",0
"ABS","27-DEC-2005","14:30:14.259",0
"HIW","27-DEC-2005","14:30:14.259",0
"ADI","27-DEC-2005","14:30:14.262",0
"ADS","27-DEC-2005","14:30:14.262",0
"DNA","27-DEC-2005","14:30:14.264",0
"DOV","27-DEC-2005","14:30:14.264",0
"CNT","27-DEC-2005","14:30:14.335",49.42
"CRDb","27-DEC-2005","14:30:14.335",5.98
"CRY","27-DEC-2005","14:30:14.335",3.38
"CTB","27-DEC-2005","14:30:14.335",14.9
"SMA","27-DEC-2005","14:30:14.338",19.25
"SVC","27-DEC-2005","14:30:14.338",21.4
"TFR","27-DEC-2005","14:30:14.338",8.8
"UNH","27-DEC-2005","14:30:14.342",64.6
"WB","27-DEC-2005","14:30:14.342",54.02
"WST","27-DEC-2005","14:30:14.342",25.4
"SON","27-DEC-2005","14:30:14.343",29.71
"NEW","27-DEC-2005","14:30:14.344",39.81
"NFB","27-DEC-2005","14:30:14.344",27.57
"NSM","27-DEC-2005","14:30:14.344",27.08
"OFC","27-DEC-2005","14:30:14.405",35.86
"OFC","27-DEC-2005","14:30:14.405",35.86
"PTV","27-DEC-2005","14:30:14.405",21.79
"PTV","27-DEC-2005","14:30:14.405",21.79
"RRI","27-DEC-2005","14:30:14.405",10.3
"RRI","27-DEC-2005","14:30:14.405",10.3
"MMC","27-DEC-2005","14:30:14.406",33.31
"OFC","27-DEC-2005","14:30:14.408",0
"RRI","27-DEC-2005","14:30:14.408",0
"MOT","27-DEC-2005","14:30:14.409",0
"ELN","27-DEC-2005","14:30:14.473",0
"CRDb","27-DEC-2005","14:30:14.474",0
"MDY","27-DEC-2005","14:30:14.536",136.94
"AYI","27-DEC-2005","14:30:14.598",32.49
"CBB","27-DEC-2005","14:30:14.598",3.61
"WB","27-DEC-2005","14:30:14.598",54.02
"AA","27-DEC-2005","14:30:14.600",29.42
"ABS","27-DEC-2005","14:30:14.600",20.63
"ASA","27-DEC-2005","14:30:14.600",53.5
"ASA","27-DEC-2005","14:30:14.600",53.5
"AVZ","27-DEC-2005","14:30:14.600",15.69
"ADS","27-DEC-2005","14:30:14.661",36.48
"AMB","27-DEC-2005","14:30:14.661",49.51
"BDK","27-DEC-2005","14:30:14.661",88.02
"ADP","27-DEC-2005","14:30:14.663",46.76
"BEN","27-DEC-2005","14:30:14.663",97.23
"PLA","27-DEC-2005","14:30:14.665",0
"GSL","27-DEC-2005","14:30:14.729",43.71
"DKZ","27-DEC-2005","14:30:14.731",23.71
"EIX","27-DEC-2005","14:30:14.731",43.98
"HCC","27-DEC-2005","14:30:14.731",29.77
"IBM","27-DEC-2005","14:30:14.731",83.45
"KR","27-DEC-2005","14:30:14.731",19.08
"DLB","27-DEC-2005","14:30:14.733",16.95
"DLB","27-DEC-2005","14:30:14.733",16.95
"DWA","27-DEC-2005","14:30:14.733",24.68
"FNM","27-DEC-2005","14:30:14.733",48.55
"GGP","27-DEC-2005","14:30:14.733",48.14
"AMB","27-DEC-2005","14:30:14.742",0
"FNM","27-DEC-2005","14:30:14.742",0
"FRZ","27-DEC-2005","14:30:14.742",0
"HCC","27-DEC-2005","14:30:14.804",0
"LGF","27-DEC-2005","14:30:14.804",7.75
"MLI","27-DEC-2005","14:30:14.804",28.3
"NFB","27-DEC-2005","14:30:14.804",27.57
"LXK","27-DEC-2005","14:30:14.805",46.05
"MET","27-DEC-2005","14:30:14.805",49.7
"MXF","27-DEC-2005","14:30:14.805",28.29
"PLB","27-DEC-2005","14:30:14.805",7.27
"PPD","27-DEC-2005","14:30:14.805",38.28
"REV","27-DEC-2005","14:30:14.805",3.3
"RLI","27-DEC-2005","14:30:14.805",51.74
"MDZ","27-DEC-2005","14:30:14.807",17.39
"NWK","27-DEC-2005","14:30:14.807",4.4
"OFG","27-DEC-2005","14:30:14.807",13.24
"PCU","27-DEC-2005","14:30:14.807",70
"PLA","27-DEC-2005","14:30:14.807",13.69
"PLD","27-DEC-2005","14:30:14.807",47.1
"CRY","27-DEC-2005","14:30:14.819",3.38
"BR","27-DEC-2005","14:30:14.822",86.26
"CBB","27-DEC-2005","14:30:14.822",3.58
"CSR","27-DEC-2005","14:30:14.822",51.06
"TIE","27-DEC-2005","14:30:14.822",67.33
"TIE","27-DEC-2005","14:30:14.822",67.33
"TXN","27-DEC-2005","14:30:14.822",33.11
"S","27-DEC-2005","14:30:14.825",23.84
"TFR","27-DEC-2005","14:30:14.825",8.8
"TSD","27-DEC-2005","14:30:14.825",11.85
"TWX","27-DEC-2005","14:30:14.825",17.71
"MET","27-DEC-2005","14:30:14.887",0
"Q","27-DEC-2005","14:30:14.888",0
"UNH","27-DEC-2005","14:30:14.889",64.61
"UNH","27-DEC-2005","14:30:14.889",64.61
"YCC","27-DEC-2005","14:30:14.889",26.41
"OFG","27-DEC-2005","14:30:14.893",0
"TSM","27-DEC-2005","14:30:14.895",10.1
"TXN","27-DEC-2005","14:30:14.895",33.11
"WLT","27-DEC-2005","14:30:14.895",50.96
"CSR","27-DEC-2005","14:30:14.960",0
"PLB","27-DEC-2005","14:30:14.960",7.27
"MRK","27-DEC-2005","14:30:15.023",32.06
"VNO","27-DEC-2005","14:30:15.026",85.7
"VZ","27-DEC-2005","14:30:15.089",30.51
"SLG","27-DEC-2005","14:30:15.090",75.85
"TAP","27-DEC-2005","14:30:15.090",66.35
"WMT","27-DEC-2005","14:30:15.091",0
"MOS","27-DEC-2005","14:30:15.094",0
"TWX","27-DEC-2005","14:30:15.094",0
"NSM","27-DEC-2005","14:30:15.095",0
"ABK","27-DEC-2005","14:30:15.157",78.85
"BJS","27-DEC-2005","14:30:15.157",37.62
"BK","27-DEC-2005","14:30:15.157",32.51
"CIN","27-DEC-2005","14:30:15.157",42.91
"CMA","27-DEC-2005","14:30:15.157",57.92
"ACV","27-DEC-2005","14:30:15.158",45.95
"AN","27-DEC-2005","14:30:15.158",22.1
"ATO","27-DEC-2005","14:30:15.158",26.42
"AYI","27-DEC-2005","14:30:15.158",32.49
"BDF","27-DEC-2005","14:30:15.158",17.16
"AAR","27-DEC-2005","14:30:15.221",19.61
"ABY","27-DEC-2005","14:30:15.221",4.03
"ACR","27-DEC-2005","14:30:15.221",26.16
"AGO","27-DEC-2005","14:30:15.221",25.33
"HIS","27-DEC-2005","14:30:15.222",2.43
"FCX","27-DEC-2005","14:30:15.224",55.71
"FPL","27-DEC-2005","14:30:15.224",41.09
"HNR","27-DEC-2005","14:30:15.224",9.15
"DIS","27-DEC-2005","14:30:15.226",24.35
"DOV","27-DEC-2005","14:30:15.226",40.97
"GAP","27-DEC-2005","14:30:15.226",31.7
"GAP","27-DEC-2005","14:30:15.226",31.7
"AOS","27-DEC-2005","14:30:15.227",0
"LXK","27-DEC-2005","14:30:15.228",0
"FPL","27-DEC-2005","14:30:15.229",0
"FDO","27-DEC-2005","14:30:15.230",25.13
"FDO","27-DEC-2005","14:30:15.230",25.13
"HRB","27-DEC-2005","14:30:15.292",24.2
"TRA","27-DEC-2005","14:30:15.293",0
"UNH","27-DEC-2005","14:30:15.293",0
"WLT","27-DEC-2005","14:30:15.293",0
"NSM","27-DEC-2005","14:30:15.296",27.08
"MCD","27-DEC-2005","14:30:15.298",34.58
"MOS","27-DEC-2005","14:30:15.298",14.91
"OFG","27-DEC-2005","14:30:15.298",13.24
"PTV","27-DEC-2005","14:30:15.298",21.79
"NCC","27-DEC-2005","14:30:15.300",34.34
"NFB","27-DEC-2005","14:30:15.300",27.57
"RRA","27-DEC-2005","14:30:15.300",11.05
"BR","27-DEC-2005","14:30:15.366",86.26
"CCJ","27-DEC-2005","14:30:15.366",62
"CHG","27-DEC-2005","14:30:15.366",46.6
"CRY","27-DEC-2005","14:30:15.366",3.41
"CSA","27-DEC-2005","14:30:15.366",16.95
"CVH","27-DEC-2005","14:30:15.366",58.38
"TRA","27-DEC-2005","14:30:15.366",5.82
"TRA","27-DEC-2005","14:30:15.367",5.82
"TXN","27-DEC-2005","14:30:15.367",33.11
"CVH","27-DEC-2005","14:30:15.430",0
"DER","27-DEC-2005","14:30:15.430",0
"VAR","27-DEC-2005","14:30:15.430",51.93
"WLS","27-DEC-2005","14:30:15.430",104.06
"FNM","27-DEC-2005","14:30:15.432",0
"RRI","27-DEC-2005","14:30:15.556",10.28
"VLO","27-DEC-2005","14:30:15.557",52.14
"S","27-DEC-2005","14:30:15.559",0
"VAR","27-DEC-2005","14:30:15.559",0
"VZ","27-DEC-2005","14:30:15.559",0
"NCC","27-DEC-2005","14:30:15.621",0
"AGN","27-DEC-2005","14:30:15.625",109.79
"AMU","27-DEC-2005","14:30:15.625",10.3
"BEN","27-DEC-2005","14:30:15.625",97.22
"CBC","27-DEC-2005","14:30:15.625",38.11
"ACR","27-DEC-2005","14:30:15.627",26.11
"AWG","27-DEC-2005","14:30:15.627",12.34
"AXE","27-DEC-2005","14:30:15.627",39.95
"BBI","27-DEC-2005","14:30:15.627",3.58
"HIW","27-DEC-2005","14:30:15.750",29.35
"IKN","27-DEC-2005","14:30:15.750",10.65
"GTI","27-DEC-2005","14:30:15.751",6.48
"HCC","27-DEC-2005","14:30:15.751",29.77
"IBM","27-DEC-2005","14:30:15.751",83.45
"KEY","27-DEC-2005","14:30:15.751",33.76
"KR","27-DEC-2005","14:30:15.751",19.09
"DIS","27-DEC-2005","14:30:15.752",24.35
"DOV","27-DEC-2005","14:30:15.752",40.97
"DOV","27-DEC-2005","14:30:15.752",40.97
"HW","27-DEC-2005","14:30:15.752",36.68
"HW","27-DEC-2005","14:30:15.813",36.73
"TSG","27-DEC-2005","14:30:15.813",0
"MCD","27-DEC-2005","14:30:15.815",34.58
"PXR","27-DEC-2005","14:30:15.815",19.76
"RRA","27-DEC-2005","14:30:15.815",11.04
"PLA","27-DEC-2005","14:30:15.817",13.74
"PPD","27-DEC-2005","14:30:15.817",38.45
"PPD","27-DEC-2005","14:30:15.817",38.45
"LQI","27-DEC-2005","14:30:15.819",11.13
"LQI","27-DEC-2005","14:30:15.819",11.13
"MET","27-DEC-2005","14:30:15.819",49.7
"MT","27-DEC-2005","14:30:15.819",26.25
"MU","27-DEC-2005","14:30:15.819",13.67
"BNK","27-DEC-2005","14:30:15.890",29.91
"BOW","27-DEC-2005","14:30:15.890",31.35
"CCL","27-DEC-2005","14:30:15.890",53.82
"CFC","27-DEC-2005","14:30:15.890",35.2
"CFC","27-DEC-2005","14:30:15.890",35.19
"CMA","27-DEC-2005","14:30:15.890",57.92
"ATO","27-DEC-2005","14:30:15.891",0
"BR","27-DEC-2005","14:30:15.891",86.26
"CFC","27-DEC-2005","14:30:15.891",35.19
"CIN","27-DEC-2005","14:30:15.891",42.91
"CRY","27-DEC-2005","14:30:15.891",3.43
"DOV","27-DEC-2005","14:30:15.891",0
"GAP","27-DEC-2005","14:30:15.891",0
"TFR","27-DEC-2005","14:30:15.893",8.8
"TSN","27-DEC-2005","14:30:15.893",17.34
"BNK","27-DEC-2005","14:30:15.895",0
"SAH","27-DEC-2005","14:30:15.895",22.9
"TIE","27-DEC-2005","14:30:15.895",67.33
"TSG","27-DEC-2005","14:30:15.895",24.62
"WMT","27-DEC-2005","14:30:15.895",48.45
"UNH","27-DEC-2005","14:30:15.896",64.61
"VZ","27-DEC-2005","14:30:15.896",30.51
"WB","27-DEC-2005","14:30:15.896",54.02
"WB","27-DEC-2005","14:30:15.896",54.02
"ZNT","27-DEC-2005","14:30:15.896",46.76
"FDO","27-DEC-2005","14:30:16.018",25.13
"WLP","27-DEC-2005","14:30:16.082",78.46
"WLP","27-DEC-2005","14:30:16.082",78.62
"SHO","27-DEC-2005","14:30:16.083",26.81
"SHO","27-DEC-2005","14:30:16.083",26.81
"SHO","27-DEC-2005","14:30:16.083",26.8
"SLE","27-DEC-2005","14:30:16.083",19.08
"TIE","27-DEC-2005","14:30:16.083",67.33
"TOD","27-DEC-2005","14:30:16.083",29
"TPC","27-DEC-2005","14:30:16.083",2.72
"TXN","27-DEC-2005","14:30:16.083",33.11
"SAH","27-DEC-2005","14:30:16.085",0
"TFR","27-DEC-2005","14:30:16.085",0
"TSG","27-DEC-2005","14:30:16.085",24.62
"AA","27-DEC-2005","14:30:16.144",29.42
"AEP","27-DEC-2005","14:30:16.144",37.32
"AGO","27-DEC-2005","14:30:16.144",25.34
"AKS","27-DEC-2005","14:30:16.144",7.94
"AXA","27-DEC-2005","14:30:16.144",33.18
"BK","27-DEC-2005","14:30:16.144",32.51
"ABS","27-DEC-2005","14:30:16.146",20.63
"ABY","27-DEC-2005","14:30:16.146",4.03
"ADI","27-DEC-2005","14:30:16.146",37.21
"AN","27-DEC-2005","14:30:16.146",22.1
"AOS","27-DEC-2005","14:30:16.146",35.5
"ATI","27-DEC-2005","14:30:16.146",35.81
"BK","27-DEC-2005","14:30:16.146",32.51
"HW","27-DEC-2005","14:30:16.148",0
"IKN","27-DEC-2005","14:30:16.148",0
"LQI","27-DEC-2005","14:30:16.149",0
"HHS","27-DEC-2005","14:30:16.151",0
"FCS","27-DEC-2005","14:30:16.154",0
"HMY","27-DEC-2005","14:30:16.154",0
"IMI","27-DEC-2005","14:30:16.156",0
"AEP","27-DEC-2005","14:30:16.157",0
"ATI","27-DEC-2005","14:30:16.219",0
"MCD","27-DEC-2005","14:30:16.221",0
"MMA","27-DEC-2005","14:30:16.221",0
"UNH","27-DEC-2005","14:30:16.221",0
"HHS","27-DEC-2005","14:30:16.222",26.88
"IMI","27-DEC-2005","14:30:16.222",31.67
"WWY","27-DEC-2005","14:30:16.222",0
"ETN","27-DEC-2005","14:30:16.224",67.83
"FCS","27-DEC-2005","14:30:16.224",17.71
"FCX","27-DEC-2005","14:30:16.224",55.71
"FRZ","27-DEC-2005","14:30:16.224",22.11
"FSL","27-DEC-2005","14:30:16.224",25.95
"GEG","27-DEC-2005","14:30:16.224",4.56
"IBM","27-DEC-2005","14:30:16.224",83.45
"KR","27-DEC-2005","14:30:16.224",19.11
"KRC","27-DEC-2005","14:30:16.224",63.13
"DVD","27-DEC-2005","14:30:16.286",6.21
"FDO","27-DEC-2005","14:30:16.286",25.13
"KR","27-DEC-2005","14:30:16.286",19.07
"MRK","27-DEC-2005","14:30:16.286",0
"RDSa","27-DEC-2005","14:30:16.286",0
"LDR","27-DEC-2005","14:30:16.347",46.06
"MMC","27-DEC-2005","14:30:16.347",33.31
"MRK","27-DEC-2005","14:30:16.347",32.07
"OFC","27-DEC-2005","14:30:16.347",35.86
"OMC","27-DEC-2005","14:30:16.347",86.68
"PTV","27-DEC-2005","14:30:16.347",21.79
"RDSa","27-DEC-2005","14:30:16.347",61.64
"ROC","27-DEC-2005","14:30:16.347",19.32
"Q","27-DEC-2005","14:30:16.350",5.68
"MET","27-DEC-2005","14:30:16.351",49.7
"MMA","27-DEC-2005","14:30:16.351",25.71
"NEW","27-DEC-2005","14:30:16.352",39.8
"NSM","27-DEC-2005","14:30:16.352",27.08
"MMC","27-DEC-2005","14:30:16.353",33.31
"MOT","27-DEC-2005","14:30:16.353",23.49
"MRK","27-DEC-2005","14:30:16.353",32.07
"BTU","27-DEC-2005","14:30:16.423",82.51
"BUD","27-DEC-2005","14:30:16.423",43.7
"CCH","27-DEC-2005","14:30:16.423",28.83
"CHG","27-DEC-2005","14:30:16.423",46.6
"CRDa","27-DEC-2005","14:30:16.423",5.94
"TRA","27-DEC-2005","14:30:16.423",5.84
"UNH","27-DEC-2005","14:30:16.425",64.61
"UNH","27-DEC-2005","14:30:16.425",64.61
"VZ","27-DEC-2005","14:30:16.425",30.51
"WLS","27-DEC-2005","14:30:16.425",104.06
"WWY","27-DEC-2005","14:30:16.425",68.48
"CCH","27-DEC-2005","14:30:16.491",0
"CCL","27-DEC-2005","14:30:16.491",0
"ZNT","27-DEC-2005","14:30:16.491",0
"SHO","27-DEC-2005","14:30:16.554",0
"WAG","27-DEC-2005","14:30:16.554",0
"CIN","27-DEC-2005","14:30:16.557",42.91
"DHI","27-DEC-2005","14:30:16.557",36.25
"PTV","27-DEC-2005","14:30:16.557",21.79
"RRI","27-DEC-2005","14:30:16.557",10.28
"ADS","27-DEC-2005","14:30:16.559",36.49
"AGO","27-DEC-2005","14:30:16.559",25.3
"APB","27-DEC-2005","14:30:16.559",16.95
"AYI","27-DEC-2005","14:30:16.559",32.49
"AYI","27-DEC-2005","14:30:16.559",32.48
"BJS","27-DEC-2005","14:30:16.559",37.56
"CCU","27-DEC-2005","14:30:16.559",31.91
"CF","27-DEC-2005","14:30:16.559",15.34
"CFC","27-DEC-2005","14:30:16.559",35.19
"AYI","27-DEC-2005","14:30:16.561",32.48
"XLB","27-DEC-2005","14:30:16.561",30.7
"ABS","27-DEC-2005","14:30:16.563",20.63
"AGN","27-DEC-2005","14:30:16.563",109.79
"ADS","27-DEC-2005","14:30:16.626",0
"APB","27-DEC-2005","14:30:16.626",0
"ETN","27-DEC-2005","14:30:16.688",0
"GEG","27-DEC-2005","14:30:16.688",0
"LDR","27-DEC-2005","14:30:16.688",0
"YCC","27-DEC-2005","14:30:16.688",26.43
"SAH","27-DEC-2005","14:30:16.689",22.9
"TYC","27-DEC-2005","14:30:16.689",29.38
"AA","27-DEC-2005","14:30:16.819",29.42
"BUD","27-DEC-2005","14:30:16.819",43.7
"CBB","27-DEC-2005","14:30:16.821",3.58
"CCJ","27-DEC-2005","14:30:16.821",62
"CRDb","27-DEC-2005","14:30:16.821",6
"CVH","27-DEC-2005","14:30:16.821",58.38
"PLB","27-DEC-2005","14:30:16.823",0
"Q","27-DEC-2005","14:30:16.823",0
"TYC","27-DEC-2005","14:30:16.823",0
"UNH","27-DEC-2005","14:30:16.823",0
"MOT","27-DEC-2005","14:30:16.824",0
"RA","27-DEC-2005","14:30:16.824",0
"WPO","27-DEC-2005","14:30:16.826",0
"MOS","27-DEC-2005","14:30:16.827",14.91
"MWD","27-DEC-2005","14:30:16.827",58.44
"PLB","27-DEC-2005","14:30:16.827",7.27
"Q","27-DEC-2005","14:30:16.827",5.68
"RA","27-DEC-2005","14:30:16.827",36.56
"LDG","27-DEC-2005","14:30:16.829",38.77
"LXK","27-DEC-2005","14:30:16.829",46.05
"MON","27-DEC-2005","14:30:16.829",77.86
"MU","27-DEC-2005","14:30:16.829",13.67
"NCP","27-DEC-2005","14:30:16.829",13.85
"PLA","27-DEC-2005","14:30:16.829",13.68
"DNA","27-DEC-2005","14:30:16.832",0
"JTA","27-DEC-2005","14:30:16.832",0
"DOM","27-DEC-2005","14:30:16.833",0
"HNR","27-DEC-2005","14:30:16.833",9.14
"JTA","27-DEC-2005","14:30:16.833",21.06
"NCC","27-DEC-2005","14:30:16.833",34.34
"NSM","27-DEC-2005","14:30:16.833",27.08
"EFX","27-DEC-2005","14:30:16.834",38.34
"EWJ","27-DEC-2005","14:30:16.834",13.58
"FPL","27-DEC-2005","14:30:16.834",41.09
"FSLb","27-DEC-2005","14:30:16.834",26.1
"KRC","27-DEC-2005","14:30:16.834",63.13
"DGX","27-DEC-2005","14:30:16.836",52.4
"DNA","27-DEC-2005","14:30:16.836",94.16
"FPL","27-DEC-2005","14:30:16.836",41.06
"GAP","27-DEC-2005","14:30:16.836",31.7
"GLW","27-DEC-2005","14:30:16.836",20.5
"GM","27-DEC-2005","14:30:16.836",18.97
"DOM","27-DEC-2005","14:30:17.029",48.5
"DOV","27-DEC-2005","14:30:17.029",41.02
"FDO","27-DEC-2005","14:30:17.029",25.13
"VLI","27-DEC-2005","14:30:17.029",51.81
"TRA","27-DEC-2005","14:30:17.030",5.8
"VIAb","27-DEC-2005","14:30:17.030",33.33
"WPO","27-DEC-2005","14:30:17.030",773
"ZNT","27-DEC-2005","14:30:17.030",46.76
"UNH","27-DEC-2005","14:30:17.031",64.61
"VZ","27-DEC-2005","14:30:17.031",30.51
"WB","27-DEC-2005","14:30:17.032",54.02
"WLS","27-DEC-2005","14:30:17.032",104.06
"WLL","27-DEC-2005","14:30:17.034",41.51
"WLL","27-DEC-2005","14:30:17.034",41.5
"WLS","27-DEC-2005","14:30:17.035",104.75
"WM","27-DEC-2005","14:30:17.035",44.55
"BNK","27-DEC-2005","14:30:17.095",29.91
"CVH","27-DEC-2005","14:30:17.095",58.45
"MMC","27-DEC-2005","14:30:17.095",33.31
"MU","27-DEC-2005","14:30:17.095",0
"ACV","27-DEC-2005","14:30:17.098",45.95
"AXP","27-DEC-2005","14:30:17.098",52.41
"BK","27-DEC-2005","14:30:17.098",32.51
"BKI","27-DEC-2005","14:30:17.098",8.26
"ADF","27-DEC-2005","14:30:17.100",7.32
"ADS","27-DEC-2005","14:30:17.100",36.49
"ARP","27-DEC-2005","14:30:17.100",25.6
"BK","27-DEC-2005","14:30:17.100",32.51
"BJS","27-DEC-2005","14:30:17.159",0
"BR","27-DEC-2005","14:30:17.159",0
"LDG","27-DEC-2005","14:30:17.162",0
"AA","27-DEC-2005","14:30:17.164",0
"ADF","27-DEC-2005","14:30:17.164",0
"GJG","27-DEC-2005","14:30:17.164",0
"AMR","27-DEC-2005","14:30:17.225",0
"GAP","27-DEC-2005","14:30:17.225",0
"S","27-DEC-2005","14:30:17.234",23.83
"SGR","27-DEC-2005","14:30:17.234",31.01
"SHO","27-DEC-2005","14:30:17.234",26.8
"SON","27-DEC-2005","14:30:17.234",29.7
"TFR","27-DEC-2005","14:30:17.234",8.8
"TSG","27-DEC-2005","14:30:17.234",24.62
"TSG","27-DEC-2005","14:30:17.236",24.62
"HCC","27-DEC-2005","14:30:17.238",29.77
"IBM","27-DEC-2005","14:30:17.238",83.46
"IBM","27-DEC-2005","14:30:17.238",83.46
"IKN","27-DEC-2005","14:30:17.238",10.65
"JWN","27-DEC-2005","14:30:17.238",37.43
"KEY","27-DEC-2005","14:30:17.238",33.76
"EIX","27-DEC-2005","14:30:17.240",43.98
"GGY","27-DEC-2005","14:30:17.240",18.15
"GJG","27-DEC-2005","14:30:17.240",22.66
"GLW","27-DEC-2005","14:30:17.240",20.19
"HHS","27-DEC-2005","14:30:17.240",26.88
"IBM","27-DEC-2005","14:30:17.240",83.46
"DER","27-DEC-2005","14:30:17.242",7.16
"DIS","27-DEC-2005","14:30:17.242",24.35
"DIS","27-DEC-2005","14:30:17.242",24.35
"ECV","27-DEC-2005","14:30:17.242",16.75
"FBP","27-DEC-2005","14:30:17.242",12.69
"GAP","27-DEC-2005","14:30:17.242",31.7
"GGY","27-DEC-2005","14:30:17.242",17.98
"CHG","27-DEC-2005","14:30:17.303",46.59
"CTB","27-DEC-2005","14:30:17.303",14.9
"MOT","27-DEC-2005","14:30:17.306",0
"NCP","27-DEC-2005","14:30:17.306",0
"TSG","27-DEC-2005","14:30:17.306",0
"MBI","27-DEC-2005","14:30:17.367",61.36
"MT","27-DEC-2005","14:30:17.367",26.25
"NCC","27-DEC-2005","14:30:17.367",34.34
"PCU","27-DEC-2005","14:30:17.367",68.4
"REV","27-DEC-2005","14:30:17.367",3.31
"WLL","27-DEC-2005","14:30:17.367",0
"LDG","27-DEC-2005","14:30:17.369",38.77
"LXK","27-DEC-2005","14:30:17.369",46.08
"NFB","27-DEC-2005","14:30:17.369",27.56
"PDX","27-DEC-2005","14:30:17.369",91.06
"PLA","27-DEC-2005","14:30:17.369",13.74
"DIS","27-DEC-2005","14:30:17.370",0
"PLA","27-DEC-2005","14:30:17.370",13.74
"JWN","27-DEC-2005","14:30:17.371",0
"DKZ","27-DEC-2005","14:30:17.495",23.85
"ETN","27-DEC-2005","14:30:17.495",67.83
"WB","27-DEC-2005","14:30:17.495",54.03
"WB","27-DEC-2005","14:30:17.495",54.01
"WMI","27-DEC-2005","14:30:17.495",30.85
"WPP","27-DEC-2005","14:30:17.495",12.14
"MMC","27-DEC-2005","14:30:17.617",33.31
"MRO","27-DEC-2005","14:30:17.617",61.86
"NEM","27-DEC-2005","14:30:17.617",52.82
"OFC","27-DEC-2005","14:30:17.617",35.86
"Q","27-DEC-2005","14:30:17.617",5.68
"COH","27-DEC-2005","14:30:17.619",33.49
"PCU","27-DEC-2005","14:30:17.619",0
"PDX","27-DEC-2005","14:30:17.620",0
"WB","27-DEC-2005","14:30:17.620",0
"MRO","27-DEC-2005","14:30:17.622",0
"WPP","27-DEC-2005","14:30:17.622",0
"STA","27-DEC-2005","14:30:17.623",0
"AGO","27-DEC-2005","14:30:17.625",25.3
"AKS","27-DEC-2005","14:30:17.625",7.94
"AXP","27-DEC-2005","14:30:17.625",52.41
"BAS","27-DEC-2005","14:30:17.625",20.35
"BDK","27-DEC-2005","14:30:17.625",88.02
"BR","27-DEC-2005","14:30:17.625",86.26
"CFC","27-DEC-2005","14:30:17.625",35.19
"AA","27-DEC-2005","14:30:17.627",29.41
"ADP","27-DEC-2005","14:30:17.627",46.76
"IBM","27-DEC-2005","14:30:17.627",0
"ABK","27-DEC-2005","14:30:17.630",0
"AXP","27-DEC-2005","14:30:17.630",0
"BAS","27-DEC-2005","14:30:17.630",0
"ECV","27-DEC-2005","14:30:17.630",0
"ESE","27-DEC-2005","14:30:17.630",0
"GF","27-DEC-2005","14:30:17.630",0
"HIW","27-DEC-2005","14:30:17.630",0
"LDG","27-DEC-2005","14:30:17.630",0
"AKS","27-DEC-2005","14:30:17.689",0
"SAH","27-DEC-2005","14:30:17.755",22.89
"STA","27-DEC-2005","14:30:17.755",45.43
"TXN","27-DEC-2005","14:30:17.755",33.11
"TOD","27-DEC-2005","14:30:17.757",29
"TSG","27-DEC-2005","14:30:17.757",24.67
"HHS","27-DEC-2005","14:30:17.758",26.88
"HRB","27-DEC-2005","14:30:17.758",24.2
"IMI","27-DEC-2005","14:30:17.758",31.67
"KRC","27-DEC-2005","14:30:17.759",63.13
"HAR","27-DEC-2005","14:30:17.761",97.24
"HAR","27-DEC-2005","14:30:17.761",97.3
"HHS","27-DEC-2005","14:30:17.761",26.9
"HIW","27-DEC-2005","14:30:17.761",29.35
"FPL","27-DEC-2005","14:30:17.763",41.06
"FRZ","27-DEC-2005","14:30:17.763",22.15
"GF","27-DEC-2005","14:30:17.763",10.25
"IMI","27-DEC-2005","14:30:17.763",31.67
"IT","27-DEC-2005","14:30:17.763",13.41
"DOM","27-DEC-2005","14:30:17.765",48.5
"DOV","27-DEC-2005","14:30:17.765",41.01
"DOV","27-DEC-2005","14:30:17.765",41.01
"DWA","27-DEC-2005","14:30:17.765",24.75
"ETN","27-DEC-2005","14:30:17.765",67.83
"ETN","27-DEC-2005","14:30:17.765",67.83
"FCX","27-DEC-2005","14:30:17.765",55.71
"FCX","27-DEC-2005","14:30:17.765",55.71
"FCX","27-DEC-2005","14:30:17.826",55.7
"NCC","27-DEC-2005","14:30:17.826",0
"NEM","27-DEC-2005","14:30:17.826",0
"NFB","27-DEC-2005","14:30:17.826",0
"REV","27-DEC-2005","14:30:17.827",0
"WMI","27-DEC-2005","14:30:17.827",0
"WSH","27-DEC-2005","14:30:17.829",0
"WMT","27-DEC-2005","14:30:17.830",0
"MON","27-DEC-2005","14:30:17.831",77.85
"MOS","27-DEC-2005","14:30:17.831",14.93
"NRG","27-DEC-2005","14:30:17.831",0
"NVL","27-DEC-2005","14:30:17.831",21.22
"PPD","27-DEC-2005","14:30:17.831",38.45
"PTV","27-DEC-2005","14:30:17.831",21.78
"LDR","27-DEC-2005","14:30:17.833",46.16
"MRK","27-DEC-2005","14:30:17.833",32.06
"MRK","27-DEC-2005","14:30:17.833",32.06
"NAI","27-DEC-2005","14:30:17.833",22.93
"NRG","27-DEC-2005","14:30:17.833",46.3
"NRG","27-DEC-2005","14:30:17.833",46.3
"Q","27-DEC-2005","14:30:17.833",5.68
"AKS","27-DEC-2005","14:30:17.895",7.95
"ANL","27-DEC-2005","14:30:17.895",23.68
"ADS","27-DEC-2005","14:30:17.897",36.49
"AEP","27-DEC-2005","14:30:17.897",37.32
"BNK","27-DEC-2005","14:30:17.897",29.9
"CAJ","27-DEC-2005","14:30:17.897",60.16
"CBB","27-DEC-2005","14:30:17.897",3.58
"CFC","27-DEC-2005","14:30:17.897",35.19
"CHG","27-DEC-2005","14:30:17.897",46.6
"CRDa","27-DEC-2005","14:30:17.897",5.93
"BZ","27-DEC-2005","14:30:17.899",9.16
"UVV","27-DEC-2005","14:30:17.961",43.96
"VZ","27-DEC-2005","14:30:17.961",30.51
"WLP","27-DEC-2005","14:30:17.961",78.51
"WSH","27-DEC-2005","14:30:17.961",37.02
"YCC","27-DEC-2005","14:30:17.961",26.43
"WLP","27-DEC-2005","14:30:18.023",78.51
"WLP","27-DEC-2005","14:30:18.023",78.51
"WMI","27-DEC-2005","14:30:18.023",30.85
"WMT","27-DEC-2005","14:30:18.023",48.45
"BZ","27-DEC-2005","14:30:18.028",0
"HAR","27-DEC-2005","14:30:18.028",0
"BK","27-DEC-2005","14:30:18.029",0
"ETN","27-DEC-2005","14:30:18.035",0
"NAI","27-DEC-2005","14:30:18.035",0
"UVV","27-DEC-2005","14:30:18.036",0
"ARW","27-DEC-2005","14:30:18.037",0
"MMA","27-DEC-2005","14:30:18.038",25.71
"NFB","27-DEC-2005","14:30:18.038",27.56
"AN","27-DEC-2005","14:30:18.238",22.1
"ARW","27-DEC-2005","14:30:18.238",32.65
"ATO","27-DEC-2005","14:30:18.238",26.4
"MON","27-DEC-2005","14:30:18.238",77.85
"ACV","27-DEC-2005","14:30:18.241",45.95
"ARP","27-DEC-2005","14:30:18.241",25.6
"ARW","27-DEC-2005","14:30:18.241",32.66
"TXN","27-DEC-2005","14:30:18.248",33.11
"GEG","27-DEC-2005","14:30:18.249",0
"SAH","27-DEC-2005","14:30:18.249",22.89
"FCX","27-DEC-2005","14:30:18.251",0
"FPL","27-DEC-2005","14:30:18.251",0
"JDD","27-DEC-2005","14:30:18.253",0
"JWN","27-DEC-2005","14:30:18.253",0
"HNR","27-DEC-2005","14:30:18.255",9.14
"JDD","27-DEC-2005","14:30:18.255",16.1
"KR","27-DEC-2005","14:30:18.255",19.07
"KRC","27-DEC-2005","14:30:18.255",63.13
"DGX","27-DEC-2005","14:30:18.318",52.4
"DIS","27-DEC-2005","14:30:18.318",24.35
"EFG","27-DEC-2005","14:30:18.318",56.88
"EWJ","27-DEC-2005","14:30:18.318",13.58
"EXC","27-DEC-2005","14:30:18.318",54.7
"FPL","27-DEC-2005","14:30:18.318",41.06
"GM","27-DEC-2005","14:30:18.318",18.97
"DLB","27-DEC-2005","14:30:18.379",16.95
"EIX","27-DEC-2005","14:30:18.379",43.98
"ETN","27-DEC-2005","14:30:18.379",67.83
"GIS","27-DEC-2005","14:30:18.379",49.73
"HNR","27-DEC-2005","14:30:18.379",9.14
"JWN","27-DEC-2005","14:30:18.379",37.43
"ORB","27-DEC-2005","14:30:18.381",13
"PTV","27-DEC-2005","14:30:18.381",21.79
"MWR","27-DEC-2005","14:30:18.382",0
"ORB","27-DEC-2005","14:30:18.382",0
"LDG","27-DEC-2005","14:30:18.384",38.77
"LXK","27-DEC-2005","14:30:18.384",46.03
"MWR","27-DEC-2005","14:30:18.384",24.39
"TXN","27-DEC-2005","14:30:18.384",0
"VZ","27-DEC-2005","14:30:18.384",0
"WL","27-DEC-2005","14:30:18.384",0
"WAG","27-DEC-2005","14:30:18.386",0
"MMC","27-DEC-2005","14:30:18.388",33.31
"NFB","27-DEC-2005","14:30:18.388",27.56
"RBK","27-DEC-2005","14:30:18.388",58.29
"RDSa","27-DEC-2005","14:30:18.388",61.64
"CCL","27-DEC-2005","14:30:18.452",53.82
"CFC","27-DEC-2005","14:30:18.452",35.2
"MDY","27-DEC-2005","14:30:18.454",136.94
"DIS","27-DEC-2005","14:30:18.576",24.34
"EIX","27-DEC-2005","14:30:18.576",43.98
"EWJ","27-DEC-2005","14:30:18.576",13.58
"TRA","27-DEC-2005","14:30:18.578",5.8
"TXN","27-DEC-2005","14:30:18.578",33.11
"TYC","27-DEC-2005","14:30:18.578",29.38
"UNH","27-DEC-2005","14:30:18.578",64.61
"UNH","27-DEC-2005","14:30:18.578",64.61
"VIAb","27-DEC-2005","14:30:18.578",33.32
"VLI","27-DEC-2005","14:30:18.578",51.81
"WL","27-DEC-2005","14:30:18.578",39.97
"WLS","27-DEC-2005","14:30:18.578",104.75
"YCC","27-DEC-2005","14:30:18.578",26.42
"DGX","27-DEC-2005","14:30:18.580",0
"WLS","27-DEC-2005","14:30:18.580",104.75
"WWY","27-DEC-2005","14:30:18.580",68.48
"CCL","27-DEC-2005","14:30:18.585",0
"ACR","27-DEC-2005","14:30:18.731",26.11
"ADS","27-DEC-2005","14:30:18.731",36.49
"HNR","27-DEC-2005","14:30:18.731",0
"ADS","27-DEC-2005","14:30:18.734",36.49
"AGN","27-DEC-2005","14:30:18.734",109.8
"AKS","27-DEC-2005","14:30:18.734",7.95
"APB","27-DEC-2005","14:30:18.734",16.95
"AXE","27-DEC-2005","14:30:18.734",39.85
"BBA","27-DEC-2005","14:30:18.734",2.8
"BBI","27-DEC-2005","14:30:18.734",3.56
"BDK","27-DEC-2005","14:30:18.734",88.02
"BEN","27-DEC-2005","14:30:18.734",97.23
"BEN","27-DEC-2005","14:30:18.734",97.5
"ADI","27-DEC-2005","14:30:18.735",37.21
"ADS","27-DEC-2005","14:30:18.735",36.49
"AGO","27-DEC-2005","14:30:18.735",25.29
"AXP","27-DEC-2005","14:30:18.735",52.41
"HAR","27-DEC-2005","14:30:18.801",97.3
"HHS","27-DEC-2005","14:30:18.801",26.9
"HW","27-DEC-2005","14:30:18.801",36.73
"IKN","27-DEC-2005","14:30:18.801",10.68
"IPG","27-DEC-2005","14:30:18.801",9.74
"IRF","27-DEC-2005","14:30:18.801",33.46
"IRF","27-DEC-2005","14:30:18.801",33.46
"JNJ","27-DEC-2005","14:30:18.801",61.15
"KR","27-DEC-2005","14:30:18.801",19.07
"KRC","27-DEC-2005","14:30:18.801",63.13
"DOV","27-DEC-2005","14:30:18.803",41.01
"FCX","27-DEC-2005","14:30:18.803",55.7
"GLW","27-DEC-2005","14:30:18.803",20.19
"DOV","27-DEC-2005","14:30:18.870",41.01
"GGY","27-DEC-2005","14:30:18.870",17.98
"DNA","27-DEC-2005","14:30:18.871",94.16
"DNA","27-DEC-2005","14:30:18.871",94.16
"EIX","27-DEC-2005","14:30:18.871",43.98
"FCJ","27-DEC-2005","14:30:18.871",19.96
"ICE","27-DEC-2005","14:30:18.871",34.56
"JPM","27-DEC-2005","14:30:18.871",40.42
"KEY","27-DEC-2005","14:30:18.871",33.76
"S","27-DEC-2005","14:30:18.872",23.84
"TCO","27-DEC-2005","14:30:18.872",34.95
"TRA","27-DEC-2005","14:30:18.872",5.8
"TSG","27-DEC-2005","14:30:18.872",24.69
"TXN","27-DEC-2005","14:30:18.872",33.11
"TXN","27-DEC-2005","14:30:18.872",33.11
"UMC","27-DEC-2005","14:30:18.872",3.33
"UNH","27-DEC-2005","14:30:18.872",64.61
"UNH","27-DEC-2005","14:30:18.872",64.61
"WAG","27-DEC-2005","14:30:18.872",44.91
"WPP","27-DEC-2005","14:30:18.872",12.17
"SAH","27-DEC-2005","14:30:18.874",22.89
"WAG","27-DEC-2005","14:30:18.874",44.91
"WLS","27-DEC-2005","14:30:18.874",104.75
"WMI","27-DEC-2005","14:30:18.874",30.85
"WWY","27-DEC-2005","14:30:18.874",68.6
"PTV","27-DEC-2005","14:30:18.875",21.79
"RA","27-DEC-2005","14:30:18.875",36.56
"SHO","27-DEC-2005","14:30:18.875",26.8
"TFR","27-DEC-2005","14:30:18.875",8.8
"TXN","27-DEC-2005","14:30:18.875",33.11
"LDG","27-DEC-2005","14:30:18.878",38.77
"LDR","27-DEC-2005","14:30:18.878",46.05
"LPL","27-DEC-2005","14:30:18.878",21.37
"MWD","27-DEC-2005","14:30:18.878",58.44
"PLA","27-DEC-2005","14:30:18.878",13.73
"PXP","27-DEC-2005","14:30:18.878",41.13
"GIS","27-DEC-2005","14:30:18.880",0
"OFG","27-DEC-2005","14:30:18.880",13.24
"PXP","27-DEC-2005","14:30:18.880",41.19
"RDSa","27-DEC-2005","14:30:18.880",61.64
"GLD","27-DEC-2005","14:30:18.881",0
"OMC","27-DEC-2005","14:30:18.882",86.67
"AGN","27-DEC-2005","14:30:18.883",0
"AXE","27-DEC-2005","14:30:18.883",0
"BBA","27-DEC-2005","14:30:18.883",0
"BVC","27-DEC-2005","14:30:18.883",0
"CAJ","27-DEC-2005","14:30:18.883",0
"EXC","27-DEC-2005","14:30:18.883",0
"BLS","27-DEC-2005","14:30:18.884",0
"CEO","27-DEC-2005","14:30:18.884",0
"CVS","27-DEC-2005","14:30:18.884",0
"TXN","27-DEC-2005","14:30:18.885",0
"UNH","27-DEC-2005","14:30:18.885",0
"OMC","27-DEC-2005","14:30:18.943",0
"PDX","27-DEC-2005","14:30:18.944",0
"VZ","27-DEC-2005","14:30:18.944",0
"BKI","27-DEC-2005","14:30:18.946",8.3
"BLS","27-DEC-2005","14:30:18.946",27.6
"CAJ","27-DEC-2005","14:30:18.946",60.16
"CEO","27-DEC-2005","14:30:18.946",68.31
"CHG","27-DEC-2005","14:30:18.946",46.59
"CSR","27-DEC-2005","14:30:18.946",51.07
"CVH","27-DEC-2005","14:30:18.946",58.45
"CVS","27-DEC-2005","14:30:18.946",27.31
"S","27-DEC-2005","14:30:18.946",0
"BVC","27-DEC-2005","14:30:18.947",17.81
"CBM","27-DEC-2005","14:30:18.947",19.07
"ESE","27-DEC-2005","14:30:19.070",44.5
"NFB","27-DEC-2005","14:30:19.070",27.56
"IBM","27-DEC-2005","14:30:19.132",0
"IBM","27-DEC-2005","14:30:19.132",0
"ICE","27-DEC-2005","14:30:19.132",0
"MOT","27-DEC-2005","14:30:19.132",23.47
"NRG","27-DEC-2005","14:30:19.132",46.29
"BEN","27-DEC-2005","14:30:19.134",0
"CBM","27-DEC-2005","14:30:19.134",0
"HPQ","27-DEC-2005","14:30:19.136",0
"LPL","27-DEC-2005","14:30:19.136",0
"ADI","27-DEC-2005","14:30:19.137",0
"ESE","27-DEC-2005","14:30:19.137",0
"FCJ","27-DEC-2005","14:30:19.137",0
"FPL","27-DEC-2005","14:30:19.137",0
"KRB","27-DEC-2005","14:30:19.137",0
"SJI","27-DEC-2005","14:30:19.141",29.79
"SLG","27-DEC-2005","14:30:19.141",76
"STA","27-DEC-2005","14:30:19.141",45.43
"TCO","27-DEC-2005","14:30:19.141",0
"VZ","27-DEC-2005","14:30:19.141",30.51
"VZ","27-DEC-2005","14:30:19.141",30.51
"SHI","27-DEC-2005","14:30:19.142",37.46
"UNH","27-DEC-2005","14:30:19.143",0
"BUD","27-DEC-2005","14:30:19.207",43.7
"SJI","27-DEC-2005","14:30:19.207",0
"SLG","27-DEC-2005","14:30:19.207",0
"TXN","27-DEC-2005","14:30:19.207",0
"ADI","27-DEC-2005","14:30:19.209",37.21
"ADS","27-DEC-2005","14:30:19.209",36.49
"AGO","27-DEC-2005","14:30:19.209",25.3
"AKS","27-DEC-2005","14:30:19.209",7.93
"ANL","27-DEC-2005","14:30:19.209",23.67
"ARW","27-DEC-2005","14:30:19.209",32.66
"BEN","27-DEC-2005","14:30:19.209",97.5
"HAR","27-DEC-2005","14:30:19.278",97.3
"IBM","27-DEC-2005","14:30:19.278",83.46
"IBM","27-DEC-2005","14:30:19.278",83.46
"IKN","27-DEC-2005","14:30:19.278",10.69
"KRB","27-DEC-2005","14:30:19.278",27.55
"HHS","27-DEC-2005","14:30:19.279",26.9
"HNR","27-DEC-2005","14:30:19.279",9.14
"HPQ","27-DEC-2005","14:30:19.279",28.89
"JPG","27-DEC-2005","14:30:19.279",17.41
"DER","27-DEC-2005","14:30:19.344",7.16
"DIS","27-DEC-2005","14:30:19.344",24.34
"IMI","27-DEC-2005","14:30:19.344",31.66
"DLB","27-DEC-2005","14:30:19.348",16.95
"EIX","27-DEC-2005","14:30:19.348",44
"ETN","27-DEC-2005","14:30:19.348",67.83
"FCS","27-DEC-2005","14:30:19.348",17.74
"FDO","27-DEC-2005","14:30:19.348",25.13
"GDW","27-DEC-2005","14:30:19.350",67.4
"ABS","27-DEC-2005","14:30:19.351",0
"GAP","27-DEC-2005","14:30:19.351",31.67
"HAR","27-DEC-2005","14:30:19.351",0
"IPG","27-DEC-2005","14:30:19.351",0
"IRF","27-DEC-2005","14:30:19.351",0
"GM","27-DEC-2005","14:30:19.352",18.97
"JPG","27-DEC-2005","14:30:19.352",0
"JPM","27-DEC-2005","14:30:19.352",0
"MOT","27-DEC-2005","14:30:19.353",0
"PXP","27-DEC-2005","14:30:19.353",0
"PXR","27-DEC-2005","14:30:19.353",0
"SAH","27-DEC-2005","14:30:19.354",0
"SHI","27-DEC-2005","14:30:19.354",0
"UNH","27-DEC-2005","14:30:19.354",0
"VLO","27-DEC-2005","14:30:19.354",0
"LIZ","27-DEC-2005","14:30:19.356",35.53
"LXK","27-DEC-2005","14:30:19.356",46.03
"MET","27-DEC-2005","14:30:19.356",49.69
"ORB","27-DEC-2005","14:30:19.356",13
"LDR","27-DEC-2005","14:30:19.359",46
"LGI","27-DEC-2005","14:30:19.359",18.6
"MON","27-DEC-2005","14:30:19.359",77.85
"MRO","27-DEC-2005","14:30:19.359",61.85
"PPD","27-DEC-2005","14:30:19.359",38.45
"PXR","27-DEC-2005","14:30:19.359",19.76
"MMA","27-DEC-2005","14:30:19.483",25.71
"MRK","27-DEC-2005","14:30:19.483",32.06
"NCC","27-DEC-2005","14:30:19.483",34.34
"NRG","27-DEC-2005","14:30:19.483",46.29
"NST","27-DEC-2005","14:30:19.483",28.92
"TSN","27-DEC-2005","14:30:19.484",17.36
"VIA","27-DEC-2005","14:30:19.484",33.44
"VZ","27-DEC-2005","14:30:19.484",30.51
"WLS","27-DEC-2005","14:30:19.484",104.75
"CYH","27-DEC-2005","14:30:19.548",0
"FCX","27-DEC-2005","14:30:19.548",55.7
"FCX","27-DEC-2005","14:30:19.548",55.7
"BOE","27-DEC-2005","14:30:19.550",22.81
"BOE","27-DEC-2005","14:30:19.550",0
"BOH","27-DEC-2005","14:30:19.550",0
"BOH","27-DEC-2005","14:30:19.550",52.65
"BTU","27-DEC-2005","14:30:19.550",0
"BTU","27-DEC-2005","14:30:19.550",82.51
"BTU","27-DEC-2005","14:30:19.550",82.51
"BUD","27-DEC-2005","14:30:19.550",0
"CCJ","27-DEC-2005","14:30:19.550",62
"CCJ","27-DEC-2005","14:30:19.550",0
"CFC","27-DEC-2005","14:30:19.550",35.2
"CM","27-DEC-2005","14:30:19.550",0
"CM","27-DEC-2005","14:30:19.550",59.46
"COH","27-DEC-2005","14:30:19.550",33.44
"CRDa","27-DEC-2005","14:30:19.550",5.92
"CSA","27-DEC-2005","14:30:19.550",16.95
"BUD","27-DEC-2005","14:30:19.552",43.67
"IBM","27-DEC-2005","14:30:19.552",0
"AA","27-DEC-2005","14:30:19.554",29.39
"AEP","27-DEC-2005","14:30:19.554",37.32
"AMB","27-DEC-2005","14:30:19.554",49.51
"AOS","27-DEC-2005","14:30:19.554",35.4
"CYH","27-DEC-2005","14:30:19.554",38.98
"ADI","27-DEC-2005","14:30:19.616",37.18
"ADS","27-DEC-2005","14:30:19.616",36.48
"AMU","27-DEC-2005","14:30:19.616",10.3
"ARW","27-DEC-2005","14:30:19.616",32.65
"ATO","27-DEC-2005","14:30:19.616",26.4
"BGG","27-DEC-2005","14:30:19.616",39.75
"MMC","27-DEC-2005","14:30:19.616",33.31
"PXP","27-DEC-2005","14:30:19.617",41.19
"MRK","27-DEC-2005","14:30:19.678",32.07
"NFB","27-DEC-2005","14:30:19.678",27.55
"PXP","27-DEC-2005","14:30:19.678",41.19
"NST","27-DEC-2005","14:30:19.679",0
"TCO","27-DEC-2005","14:30:19.740",34.95
"TSN","27-DEC-2005","14:30:19.740",0
"SPY","27-DEC-2005","14:30:19.808",126.98
"SPY","27-DEC-2005","14:30:19.808",126.96
"HHS","27-DEC-2005","14:30:19.811",26.89
"KG","27-DEC-2005","14:30:19.811",16.99
"KRC","27-DEC-2005","14:30:19.811",63.13
"IBM","27-DEC-2005","14:30:19.812",83.46
"IPG","27-DEC-2005","14:30:19.812",9.69
"DTC","27-DEC-2005","14:30:19.813",0
"IRF","27-DEC-2005","14:30:19.813",33.46
"KG","27-DEC-2005","14:30:19.813",0
